2392 3848
123 197 236 285 saza]
332 211 447 260 sarar.
469 210 517 258 aa
538 209 760 258 mmmmm
782 210 806 257 ι.
829 216 858 281 9.
1025 211 1065 285 79

123 370 154 419 et
183 360 331 435 dignitate.
374 360 434 419 Hic
461 361 583 419 multum
611 361 697 420 valuit
730 379 797 419 cum
823 370 905 418 vetus
933 360 1066 430 amicitia,

123 476 215 534 quam
235 467 267 515 tu
286 476 347 516 non
368 458 486 534 ignoras
504 458 574 515 mihi
588 467 617 516 et
631 457 743 529 Quinto
763 457 840 515 sratri
860 475 927 515 cum
942 456 1068 515 Caesare

124 556 225 626 luisse,
239 566 302 614 tum
316 555 481 614 humanitas
494 557 556 614 eius
576 574 610 613 ac
630 556 781 613 liberalitas
801 555 880 611 brevi
895 563 1025 630 ternpore
1040 567 1068 612 et

122 655 225 715 litteris
239 664 268 713 et
282 654 383 713 officiis
396 665 548 730 perspecta
561 655 648 712 nobis
662 664 691 712 et
704 654 829 728 cognita.
872 653 1068 711 Vehementer

123 755 213 813 etiam
237 771 283 812 res
307 753 371 828 ipsa
393 752 508 828 publica
529 770 577 809 me
601 752 700 821 movit,
725 769 800 827 quae
827 750 897 807 mihi
920 750 1069 807 videbatur

124 851 355 920 contentionem,
370 851 537 925 praesertim
552 850 685 906 maximis
699 850 785 905 rebus
800 866 818 905 a
832 846 957 906 Caesare
971 849 1068 922 gestis,

124 968 194 1009 cum
209 949 264 1006 illis
277 948 344 1005 viris
359 948 436 1006 nolle
451 948 512 1004 fieri
525 955 562 1016 et,
577 965 614 1003 ne
629 946 716 1015 fieret,
730 945 915 1002 vehementer
928 962 1067 1003 recusare.

126 1045 306 1104 Gravissime
320 1053 417 1103 autem
431 1063 479 1101 me
494 1045 524 1101 in
538 1044 614 1101 hanc
629 1053 756 1100 mentem
770 1042 881 1117 impulit
896 1053 923 1099 et
938 1042 1069 1116 Pompeii

125 1142 209 1211 fides,
224 1160 312 1220 quam
333 1143 369 1200 de
390 1159 436 1199 me
458 1140 577 1199 Caesari
597 1140 723 1211 dederat,
738 1150 767 1198 et
785 1140 877 1198 fratris
898 1141 965 1209 mei,
980 1158 1069 1214 quam

125 1240 279 1317 Pompeio
320 1239 412 1297 Erant
431 1249 578 1315 praeterea
596 1238 668 1298 haec
688 1239 940 1297 animadvertenda
958 1240 988 1296 in
1002 1239 1069 1296 civi-

125 1348 194 1408 tate,
209 1355 284 1414 quae
299 1347 366 1395 sunt
384 1337 462 1413 apud
483 1336 635 1395 Platonem
656 1347 786 1394 nostrum
806 1338 910 1413 scripta
927 1336 1069 1407 divinitus,

126 1440 230 1515 quales
243 1440 274 1496 in
287 1457 318 1496 re
333 1439 449 1514 publica
466 1439 609 1515 principes
627 1447 733 1509 essent,
748 1438 819 1496 tales
838 1438 963 1513 reliquos
978 1439 1070 1496 solere

125 1554 192 1595 esse
206 1537 292 1594 cives.
327 1536 479 1594 Tenebam
493 1536 633 1594 memoria
648 1536 733 1593 nobis
745 1534 911 1593 consulibus
922 1554 956 1593 ea
967 1535 1070 1594 sunda-

126 1643 230 1691 menta
249 1634 325 1691 iacta
348 1634 406 1690 iam
430 1652 467 1691 ex
488 1633 628 1690 Kalendis
650 1633 790 1690 Ianuariis
811 1632 1001 1690 confirmandi
1026 1652 1071 1691 se-

126 1742 224 1803 natuS,
237 1739 269 1788 ut
283 1731 430 1789 neminem
445 1731 540 1788 mirari
560 1740 704 1805 oporteret
724 1729 819 1787 Nonis
838 1729 992 1788 Decembr.
1008 1740 1070 1788 tan-

126 1835 191 1885 tum
204 1824 250 1883 vel
263 1825 354 1883 animi
367 1824 454 1882 luisse
469 1824 498 1881 in
516 1825 565 1881 illo
580 1825 682 1881 ordine
698 1823 742 1880 vel
762 1824 957 1894 auctoritatis3
979 1826 1072 1883 idem-

126 1940 186 1998 que
212 1922 404 1980 memineram
431 1923 516 1980 nobis
540 1923 656 1996 privatis
679 1939 770 1996 usque
799 1921 837 1979 ad
860 1919 1015 1979 Caesarem
1043 1933 1071 1980 et

127 2018 266 2079 Bibulum
292 2020 436 2089 consules,
458 2038 525 2078 cum
553 2021 710 2078 sententiae
739 2030 855 2077 nostrae
877 2037 1019 2094 magnum
1041 2024 1071 2079 in

127 2126 233 2177 senatu
250 2116 367 2193 pondus
385 2117 531 2187 haberent,
546 2135 636 2174 unum
658 2116 716 2174 fere
734 2135 852 2174 sensum
872 2116 959 2174 luisse
980 2119 1073 2178 bono-

126 2232 194 2273 rum
208 2215 349 2273 omnium.
395 2233 439 2288 13.
462 2214 576 2283 Postea,
592 2233 659 2271 cum
679 2224 709 2271 tu
724 2213 898 2288 Hispaniam
912 2216 1073 2275 citeriorem

126 2332 197 2375 cum
211 2313 334 2388 imperio
344 2313 487 2371 obtineres
502 2331 596 2387 neque
608 2331 653 2370 res
668 2312 784 2389 publica
798 2312 932 2371 consules
946 2313 1072 2386 haberet,

126 2412 182 2471 sed
209 2420 385 2469 mercatores
414 2412 625 2486 provinciarum
653 2421 682 2469 et
710 2412 884 2469 seditionum
913 2429 1011 2469 servos
1038 2432 1073 2472 ac

126 2508 287 2578 ministros,
312 2508 377 2565 iecit
399 2509 517 2582 quidam
540 2527 624 2566 casus
647 2519 734 2584 caput
762 2526 859 2565 meum
880 2509 963 2583 quasi
984 2521 1074 2568 certa-

126 2605 217 2664 minis
241 2622 328 2662 causa
352 2604 382 2661 in
410 2607 536 2664 mediam
559 2607 776 2664 contentionem
805 2606 1074 2682 dissensionemque

127 2701 261 2771 civilem3
283 2719 342 2777 quo
359 2703 390 2759 in
409 2702 573 2760 discrimine
589 2722 655 2761 cum
677 2704 797 2761 mirifica
817 2713 941 2774 senatuS,
953 2706 1074 2762 incredi-

127 2800 196 2861 bilis
211 2799 309 2858 ltaliae
323 2800 418 2870 totius,
435 2800 586 2875 singularis
601 2802 733 2858 omnium
751 2802 897 2859 bonorum
918 2804 1074 2860 consensio

127 2898 160 2959 in
187 2915 236 2955 me
263 2897 373 2955 tuendo
401 2899 564 2964 exstitisset,
590 2917 651 2956 non
676 2899 780 2969 dicam,
805 2899 875 2973 quid
899 2901 1075 2957 acciderit—

127 2994 287 3055 multorum
302 3003 345 3053 est
362 2995 440 3052 enirn
461 3006 490 3052 et
508 2996 586 3052 varia
601 2996 734 3071 culpa—‚
751 3006 862 3053 tantum
877 2998 972 3054 dicam
986 2998 1074 3068 brevi,

127 3108 192 3151 non
205 3090 277 3149 mihi
291 3092 448 3149 exercitum
463 3091 514 3149 sed
529 3091 617 3149 duces
629 3092 762 3150 defuisse.
792 3093 827 3149 In
843 3111 910 3168 qu0‚
922 3102 952 3150 ut
966 3094 1025 3150 iam
1040 3095 1076 3153 sit

128 3191 161 3249 in
175 3189 210 3248 iis
224 3188 321 3265 culpa,
332 3189 382 3264 qui
395 3207 443 3246 me
458 3207 519 3246 non
534 3189 731 3258 defenderunt,
744 3208 804 3247 non
818 3192 914 3247 minor
929 3193 1016 3249 estin
1032 3192 1074 3263 iis,

131 3286 182 3364 qui
195 3286 381 3363 reliquerunt,
396 3297 431 3358 et,
450 3287 474 3345 si
494 3287 649 3344 accusandi
668 3298 743 3358 sunt,
758 3288 781 3344 si
796 3291 845 3362 qui
859 3290 1074 3363 pertimuerunt,

132 3386 225 3463 magis
240 3384 329 3447 etiam
344 3384 580 3461 reprehendendi,
603 3385 697 3463 siqui
719 3403 748 3445 se
770 3386 869 3445 timere
891 3387 1076 3448 simularunt:
