2392 3848
128 228 175 293 ap.
191 214 251 299 μ]
338 228 453 279 sprsr.
475 227 525 278 An
544 229 711 280 ATTICUM
733 232 811 281 vnr.
834 238 865 304 3,
1013 233 1073 305 135

345 443 392 499 54.
434 440 491 500 AD
511 441 707 502 ATTICUM
727 441 812 500 VIII.
834 447 861 501 3.

128 550 196 613 Scn.
204 570 238 613 ut
247 571 325 613 nono
336 552 458 614 Carano
469 574 528 614 nn.
540 575 578 614 xr.
587 556 749 615 Knrunnrs
760 555 898 615 Mmms
908 572 991 615 nuc.
1003 567 1017 628 7
1043 568 1070 628 5.

445 679 547 721 cronno
568 681 673 722 nrrrco
694 681 755 722 sur.

171 790 198 832 1.
219 772 352 833 ernus
365 782 395 832 et
408 774 574 832 misenimis
588 777 674 833 rebus
688 776 878 851 perturbatus,
890 792 957 834 curn
972 792 1071 832 coram

124 876 225 929 tecum
239 871 310 929 mihi
323 880 452 947 potestas
471 873 646 930 deliberandi
663 891 724 932 non
740 885 825 945 esset,
839 875 881 932 uti
900 885 999 932 tamen
1018 882 1069 929 tuo

125 968 251 1027 oonsilio
282 967 380 1040 volui;
416 967 582 1026 deliberatio
612 979 710 1028 autern
742 972 838 1031 omnis
865 972 937 1029 haec
965 980 1016 1040 est,
1046 971 1070 1028 si

125 1064 285 1142 Pompeius
305 1065 387 1123 Italia
405 1066 498 1137 cedat,
514 1067 593 1142 quod
613 1084 680 1124 eum
695 1068 836 1126 facturum
850 1087 914 1128 esse
929 1070 1068 1144 suspicor,

124 1162 198 1239 quid
216 1163 286 1220 mihi
305 1162 452 1238 agendum
471 1173 563 1238 putes,
578 1173 614 1234 et,
630 1183 689 1239 quo
709 1164 819 1224 facillus
834 1166 985 1224 consilium
1000 1166 1069 1222 dare

124 1259 233 1335 possis,
246 1259 317 1334 quid
338 1260 368 1318 ln
385 1269 537 1336 utramque
556 1271 668 1336 partem
686 1261 756 1319 mihi
775 1263 806 1322 in
824 1273 952 1321 mentem
966 1264 1070 1333 veniat,

125 1356 280 1433 explicabo
300 1357 387 1414 brevi.
431 1377 457 1415 a.
480 1357 556 1416 Cum
581 1359 683 1415 merita
707 1359 838 1435 Pompeii
863 1377 977 1418 summa
1001 1376 1071 1434 erga

125 1454 251 1514 salutem
277 1473 374 1513 meam
402 1454 642 1530 familiaritasque,
665 1474 738 1532 quae
766 1456 836 1513 mihi
864 1474 931 1514 curn
956 1474 992 1514 eo
1017 1465 1069 1524 est,

124 1563 191 1612 tum
217 1552 281 1628 ipsa
307 1552 347 1610 rei
374 1552 507 1628 publicae
535 1570 623 1610 causa
649 1571 698 1610 me
726 1553 850 1624 adducit,
874 1563 904 1611 ut
932 1553 1002 1611 mihi
1026 1553 1069 1611 vel

124 1648 280 1709 consilium
298 1667 396 1708 meum
416 1667 483 1708 curn
504 1649 578 1707 illius
598 1651 726 1719 consilio,
741 1650 785 1708 vel
805 1650 920 1709 fortuna
936 1671 995 1708 mea
1009 1669 1070 1708 cum

125 1746 208 1805 illius
211 1747 337 1825 fortuna
356 1747 563 1822 coniungenda
582 1764 645 1805 esse
665 1746 801 1807 videatur.
843 1748 965 1806 Accedit
982 1747 1068 1805 illud:

126 1845 153 1903 si
166 1862 274 1904 maneo
288 1855 317 1902 et
331 1844 412 1903 illurn
427 1845 595 1902 comitatum
610 1845 788 1919 optimorum
803 1854 832 1902 et
846 1845 1068 1903 clarissimorum

124 1942 234 2003 civium
244 1941 356 2012 desero,
368 1942 532 2000 cadendum
548 1950 591 1998 est
606 1942 635 1997 in
650 1942 733 1998 unius
747 1950 931 2016 potestatem,
943 1943 1000 2019 qui,
1015 1943 1069 2002 etsi

123 2038 225 2099 multis
237 2038 324 2097 rebus
338 2039 481 2114 significat
495 2057 527 2096 se
541 2039 625 2096 nobis
641 2057 704 2096 esse
719 2039 852 2109 amicum,
865 2049 893 2097 et
907 2048 938 2096 ut
952 2049 1035 2109 esset,
1051 2059 1069 2098 a

123 2154 176 2196 me
189 2144 333 2195 est-tute
348 2136 564 2212 scis-propter
578 2137 768 2211 suspitionem
780 2135 863 2194 huius
874 2137 1068 2210 impendentis

123 2233 306 2309 tempestatis
328 2233 419 2291 multo
440 2244 507 2292 ante
527 2234 684 2310 provisum,
702 2243 800 2291 tamen
821 2243 975 2309 utrumque
997 2253 1067 2293 con·

123 2329 314 2391 siderandum
338 2341 390 2400 est,
415 2339 444 2389 et
468 2340 577 2406 quanta
601 2331 673 2388 fides
698 2331 725 2387 ei
753 2331 789 2388 sit
816 2330 951 2388 habenda
978 2339 1014 2400 et,
1044 2332 1069 2389 si

122 2429 253 2487 maxime
267 2426 447 2502 exploratum
463 2429 498 2486 sit
512 2446 579 2486 eum
594 2429 679 2486 nobis
694 2429 820 2485 amicum
837 2428 907 2498 fore,
924 2429 997 2485 sitne
1016 2429 1068 2486 viri

122 2526 208 2585 fortis
228 2533 258 2582 et
277 2524 348 2582 boni
366 2524 436 2582 civis
456 2543 520 2583 esse
539 2526 569 2582 in
588 2544 623 2583 ea
641 2526 712 2583 urbe
732 2527 762 2581 in
779 2542 844 2600 qua,
859 2543 926 2582 cum
946 2526 1067 2583 summis

122 2622 286 2682 honoribus
313 2622 498 2697 imperiisque
526 2640 596 2680 usus
624 2623 668 2692 sit,
692 2641 737 2680 res
766 2624 906 2680 maximas
935 2623 1065 2697 gesserit,

122 2717 289 2781 sacerdotio
311 2718 348 2776 sit
366 2719 545 2795 amplissimo
564 2721 719 2795 praeditus,
734 2738 843 2778 nornen
864 2719 982 2787 futurus,
998 2720 1066 2775 sub-

122 2815 313 2891 eundumque
333 2816 491 2891 periculum
512 2818 556 2886 sit,
577 2835 644 2874 cum
665 2818 761 2891 aliquo
782 2817 843 2873 fore
868 2815 1019 2883 dedecore,
1043 2815 1066 2872 si

121 2912 245 2994 quaudo
260 2911 417 2988 Pompeius
433 2930 495 2970 rem
515 2913 661 2989 publicam
682 2914 864 2990 recuperarit.
908 2931 934 2985 3.
956 2912 992 2969 In
1011 2912 1067 2968 hac

121 3021 206 3089 parte
227 3010 300 3068 haec
323 3020 405 3082 sunt;
431 3011 496 3069 vide
521 3030 606 3082 nunc,
633 3030 707 3086 quae
731 3013 787 3069 sint
809 3012 838 3068 in
863 3011 966 3068 altera:
995 3009 1066 3066 nihil

122 3118 222 3169 actum
236 3118 280 3166 est
293 3126 311 3165 a
324 3108 465 3184 Pompeio
480 3118 579 3167 nostro
595 3110 746 3184 sapienter,
756 3108 825 3165 nihil
839 3108 968 3179 fortiter3
988 3107 1064 3164 addo

122 3209 221 3275 etiam,
236 3204 305 3262 nihil
325 3206 379 3263 nisi
398 3215 500 3265 contra
518 3207 671 3265 consillum
691 3208 945 3279 auctoritatemque
959 3223 1065 3263 meam.

124 3302 239 3363 Omitto
254 3301 301 3359 illa
316 3312 422 3374 vetera,
438 3304 518 3379 quod
532 3304 618 3362 istum
632 3305 661 3360 in
682 3321 743 3361 rern
763 3302 907 3379 publicam
927 3301 973 3359 ille
998 3301 1066 3358 aluit

123 3399 212 3471 auxit,
235 3399 363 3471 armavit,
387 3400 433 3459 ille
460 3400 573 3477 legibus
600 3419 652 3478 per
676 3402 735 3458 vim
758 3410 787 3458 et
811 3410 911 3459 contra
935 3399 1062 3475 auspicia
