2498 3840
147 195 212 260 244
426 191 465 242 M.
492 191 611 240 ruram
632 191 820 241 ororuoms
976 179 1047 262 [1³21.
1061 192 1091 241 v.

146 366 213 408 sum
229 349 267 408 ad
281 348 429 425 Inalpinos
444 368 512 408 cum
526 350 662 420 exercitu,
676 368 739 408 non
758 359 819 408 tam
837 365 948 406 nomen
967 347 1092 423 impera·

148 447 255 506 torium
277 458 398 523 captans
419 466 507 523 quam
530 449 650 524 cupiens
674 447 811 505 militibus
834 447 903 504 satis
928 444 1025 504 lacere
1047 444 1092 502 fir-

149 562 272 621 mosque
292 562 344 604 eos
365 546 403 603 ad
424 546 547 604 tuendas
567 554 682 604 nostras
702 563 748 603 res
769 544 897 603 efficere:
919 542 1001 618 quod
1023 542 1092 600 mihi

148 638 248 696 videor
273 648 462 711 consecutus;
487 659 513 698 2.
535 658 604 699 nam
626 650 655 698 et
681 639 878 697 liberalitatem
905 646 1038 695 nostram
1065 647 1094 695 et

149 733 279 789 animum
295 742 362 790 sunt
379 734 496 809 experti
540 732 617 791 Cum
636 732 769 791 omnium
787 729 1015 789 bellicosissimis
1034 730 1094 788 bel-

148 828 209 887 lum
230 829 323 904 gessi;
346 830 436 888 multa
456 830 572 888 castella
593 831 666 906 cepi,
686 829 778 888 multa
797 827 921 899 vastavi;
946 845 1011 886 non
1031 827 1094 885 sine

148 944 239 985 causa
253 927 290 985 ad
302 938 434 984 senatum
448 927 554 985 litteras
568 927 641 987 misi.
671 927 785 985 Adiuva
798 943 853 984 nos
868 935 918 984 tua
932 927 1094 996 sententia;

149 1025 319 1100 quodcum
342 1023 439 1096 facies,
460 1043 497 1082 ex
521 1043 630 1101 magna
652 1034 734 1099 parte
758 1023 907 1082 communi
932 1023 1095 1083 commodo

149 1136 318 1177 inserviens.

356 1265 421 1320 121.
464 1261 521 1322 AD
542 1259 738 1320 ATTICUM
759 1260 841 1320 XVI.
863 1263 889 1318 8.

153 1367 218 1428 Scn.
232 1387 264 1426 nr
284 1368 464 1428 Pornounuo
482 1388 545 1429 nn.
557 1387 596 1428 ιν.
609 1368 713 1428 Nonas
732 1367 913 1428 Noveramus
927 1386 1013 1428 nnc.
1026 1385 1093 1442 710.

478 1494 580 1535 crcrno
594 1493 700 1534 Arrrco
715 1493 777 1534 san.

196 1604 222 1645 1.
244 1584 314 1644 Curr
336 1586 434 1657 sciam,
450 1604 509 1661 quo
531 1586 577 1644 die
597 1593 733 1644 venturus
755 1585 818 1655 sim,
836 1585 942 1643 faciam
958 1595 991 1644 ut
1012 1586 1096 1644 scias.

152 1683 367 1760 Impedimenta
385 1684 581 1758 exspectanda
600 1693 673 1753 sunt,
688 1700 763 1758 quae
776 1682 913 1758 Anagnia
926 1684 1053 1754 veniunt,
1069 1694 1098 1742 et

155 1781 261 1840 familia
275 1799 363 1856 aegra
377 1791 428 1839 est.
458 1780 524 1840 Kal.
535 1780 647 1857 vesperi
661 1780 769 1839 litterae
782 1780 853 1837 mihi
867 1781 905 1837 ab
916 1780 1097 1840 Octaviano:

154 1898 264 1956 magna
281 1879 405 1936 molitur.
448 1878 621 1950 Veteranos,
635 1878 686 1954 qui
705 1877 824 1936 Casilini
838 1887 867 1935 et
882 1877 1010 1937 Calatiae
1023 1885 1096 1949 sunt,

155 1978 289 2056 perduxit
314 1977 352 2034 ad
379 1995 462 2034 suam
491 1977 680 2046 sententiam;
708 1994 764 2035 nec
788 1976 909 2035 mirum:
932 1977 1098 2053 quingenos

156 2077 290 2136 denarios
305 2074 362 2134 dat.
405 2073 521 2150 Cogitat
535 2075 658 2149 reliquas
673 2074 802 2132 colonias
821 2074 917 2144 obire;
940 2075 1027 2150 plane
1041 2075 1099 2135 hoc

156 2182 276 2250 spectat,
291 2183 322 2230 ut
342 2191 374 2231 se
393 2173 466 2231 duce
481 2173 587 2230 bellum
601 2181 717 2248 geratur
731 2190 798 2230 cum
812 2172 951 2229 Antonio.
996 2171 1097 2250 Itaque

155 2272 239 2329 video
262 2272 363 2346 paucis
388 2272 489 2329 diebus
514 2288 569 2329 nos
597 2270 628 2326 in
653 2270 740 2327 armis
764 2268 834 2327 fore.
877 2268 976 2340 Quem
1001 2281 1098 2329 autem

157 2369 331 2445 sequamur?
353 2369 417 2427 vide
436 2387 554 2439 nomen,
569 2368 634 2426 vide
649 2375 780 2426 aetatem.
823 2369 922 2442 Atque
936 2385 954 2424 a
966 2386 1016 2427 me
1029 2387 1099 2445 pos·

156 2470 234 2539 tulat‚
250 2469 376 2543 primum
390 2476 421 2526 ut
435 2469 510 2526 clam
527 2468 707 2545 colloquatur
726 2484 840 2525 mecum
855 2467 900 2525 vel
919 2466 1041 2544 Capuae
1058 2470 1102 2526 uel

155 2588 210 2626 non
219 2569 296 2642 longe
306 2585 324 2622 a
338 2565 453 2640 Capua:
470 2566 576 2643 puerile
587 2565 643 2623 hoc
652 2565 779 2641 quidem,
784 2565 808 2622 si
819 2564 849 2623 id
860 2574 941 2639 putat
952 2565 1028 2624 clam
1038 2567 1099 2625 fieri

156 2685 245 2744 posse
253 2685 262 2737 ;
285 2665 371 2722 docui
384 2683 436 2740 per
450 2664 557 2722 litteras
571 2664 601 2721 id
615 2682 670 2722 nec
685 2681 760 2738 opus
775 2680 840 2720 esse
856 2680 911 2721 nec
926 2662 987 2721 fieri
1001 2682 1099 2739 posse.

160 2785 186 2823 2.
210 2763 291 2821 Misit
305 2763 343 2820 ad
356 2779 405 2820 me
420 2761 578 2820 Caecinam
593 2761 740 2835 quendam
750 2759 982 2831 Volaterranum,
997 2760 1100 2820 famili-

157 2880 237 2921 arem
262 2879 356 2930 sunm,
381 2860 430 2935 qui
459 2859 529 2917 haec
557 2859 679 2934 pertulit,
702 2857 863 2915 Antonium
890 2876 958 2916 cum
985 2858 1101 2936 legione

157 2959 335 3017 Alaudarum
349 2958 386 3015 ad
405 2959 506 3016 urbem
525 2975 655 3032 pergere,
670 2956 808 3032 pecunias
825 2955 990 3031 municipiis
1010 2957 1102 3034 impe-

159 3076 230 3126 rare,
253 3055 399 3130 legionem
427 3055 480 3113 sub
509 3055 599 3129 signis
627 3054 740 3112 ducere.
783 3052 981 3123 Consultabat,
1006 3064 1102 3113 utrum

160 3155 288 3211 Romam
308 3171 375 3211 cum
396 3169 441 3213 cro
462 3168 507 3211 cro
525 3168 577 3211 cro.
593 3162 794 3210 veteranorum
812 3149 1050 3226 proficisceretur,
1065 3172 1103 3211 an

160 3250 292 3327 Capuam
304 3260 413 3307 teneret
428 3260 456 3308 et
467 3250 630 3308 Antonium
641 3249 803 3308 venientem
817 3249 989 3320 excluderet,
999 3268 1038 3307 an
1052 3250 1105 3308 iret

162 3347 200 3406 ad
218 3359 274 3406 tres
294 3347 424 3424 legiones
444 3346 662 3419 Macedonicas,
676 3365 751 3425 quae
770 3346 823 3405 iter
843 3346 1006 3407 secundum
1024 3364 1104 3408 mare
