2392 3848
60 185 193 270 sagn]
290 193 401 249 srrsr.
422 196 473 246 An
494 195 662 247 rrrrouu
681 190 709 248 r.
724 201 772 268 13.
980 201 1002 265 9

60 354 183 413 consilio
212 354 273 413 eius
301 355 458 431 animoque
483 354 512 412 in
537 370 585 413 me
609 353 808 412 inimicissimo
832 369 897 412 esse
920 369 1001 410 corn-

59 463 183 523 motum,
199 470 347 528 cognosce
362 469 441 510 nunc
455 452 664 510 humanitatem
679 469 785 520 meam,
800 451 824 509 si
838 450 1003 508 humanitas

60 550 235 624 appellanda
255 560 299 608 est
319 551 350 607 in
371 550 558 608 acerbissima
579 550 681 608 iniuria
702 548 836 607 remissio
858 546 946 605 animi
968 561 1002 603 ac

61 645 231 705 dissolutio:
256 646 336 704 nulla
359 657 403 706 est
426 666 444 706 a
465 665 513 704 me
535 664 675 722 umquam
701 645 842 704 sententia
870 644 947 702 dicta
973 644 1004 700 in

60 743 177 801 fratrem
191 753 289 815 tuum;
312 744 572 820 quotienscumque
589 743 695 818 aliquid
715 753 759 800 est
777 752 883 813 actum,
898 740 1003 799 sedens

59 841 94 900 iis
109 841 234 912 adsensi,
249 841 299 917 qui
317 840 388 898 mihi
407 840 552 899 lenissime
572 842 677 898 sentire
696 842 748 898 visi
769 849 842 898 sunt
886 838 1004 896 Addam

60 939 129 997 illud
148 941 244 1009 etiam,
258 939 339 1013 quod
358 939 417 996 iam
436 955 493 1013 ego
515 956 615 995 curare
634 955 696 995 non
717 937 812 1006 debui,
833 936 885 994 sed
905 947 1004 993 tamen

60 1036 121 1094 fieri
142 1053 202 1093 non
222 1035 344 1093 moleste
365 1037 415 1093 tuli
437 1046 523 1110 atque
543 1035 639 1103 etiam,
654 1044 686 1092 ut
705 1035 743 1091 ita
762 1034 851 1104 tieret,
865 1051 919 1108 pro
938 1050 1005 1089 mea

60 1144 141 1209 parte
156 1133 259 1204 adiuvi,
275 1142 307 1190 ut
326 1133 417 1190 senati
436 1132 569 1191 consulto
588 1151 672 1191 meus
693 1133 834 1200 inimicus,
850 1132 918 1207 quia
937 1139 1004 1187 tuus
1001 1116 1037 1212 j

62 1230 147 1288 frater
165 1240 235 1300 erat,
251 1229 452 1288 sublevaretur.
497 1247 540 1288 10.
565 1227 633 1299 Qua
647 1249 678 1288 re
693 1246 754 1286 non
767 1246 824 1303 ego
839 1226 1005 1304 oppugnavi

62 1328 179 1386 fratrem
193 1339 282 1397 tuum,
293 1327 345 1385 sed
360 1325 436 1384 fratri
451 1337 501 1385 tuo
516 1327 683 1402 repugnavi,
693 1344 748 1384 nec
762 1326 792 1383 in
807 1336 843 1395 te,
853 1336 884 1382 ut
896 1325 1004 1394 scribis

63 1425 161 1484 animo
188 1423 229 1482 fui
256 1425 364 1495 mobili,
393 1424 445 1482 sed
473 1426 512 1482 ita
539 1425 642 1496 stabili,
666 1434 699 1482 ut
726 1425 757 1481 in
785 1441 852 1481 mea
879 1440 949 1497 erga
977 1431 1005 1478 te

62 1523 208 1581 voluntate
236 1522 323 1580 etiam
351 1521 480 1580 desertus
508 1523 546 1581 ab
574 1520 676 1581 officiis
709 1523 765 1580 tuis
797 1536 1005 1596 permanerem.

63 1623 159 1697 Atque
180 1622 237 1680 hoc
258 1624 324 1698 ipso
345 1632 476 1698 tempore
495 1622 546 1679 tibi
568 1640 662 1697 paene
683 1621 825 1679 minitanti
846 1621 931 1679 nobis
954 1637 1007 1695 per

63 1721 170 1779 litteras
184 1720 242 1778 hoc
256 1721 385 1778 rescribo
400 1730 485 1795 atque
499 1720 680 1796 respondeo:
701 1737 758 1794 ego
773 1718 866 1777 dolori
879 1728 930 1775 tuo
944 1733 1006 1775 non

64 1818 159 1876 solum
173 1819 306 1894 ignosco,
321 1816 373 1874 sed
387 1835 532 1874 summam
549 1817 636 1874 etiam
655 1817 770 1874 laudem
790 1816 902 1887 tribuo;
923 1831 1006 1872 meus
1057 1840 1061 1848 ·

64 1918 142 1975 enim
156 1934 204 1973 me
221 1933 334 1984 sensus,
350 1925 457 1991 quanta
476 1915 520 1973 vis
539 1914 655 1972 fraterni
674 1915 710 1972 sit
729 1913 844 1983 amoris,
860 1914 1005 1972 admonet.

63 2015 92 2075 A
113 2025 141 2072 te
161 2023 231 2089 peto
252 2023 284 2070 ut
305 2023 335 2070 tu
353 2030 471 2088 quoque
491 2030 615 2088 aequum
635 2023 663 2071 te
683 2013 807 2070 iudicem
827 2007 920 2069 dolori
939 2030 1006 2069 meo

63 2113 222 2189 praebeas3
245 2112 269 2168 si
284 2112 396 2181 acerbe,
410 2112 435 2168 si
450 2111 609 2182 crudeliter,
624 2111 648 2168 si
663 2111 724 2168 sine
739 2127 827 2168 causa
841 2126 905 2167 sum
920 2127 938 2166 a
952 2109 1008 2167 tuis

64 2219 262 2286 oppugnatus,
271 2218 303 2266 ut
317 2218 425 2266 statuas
438 2208 509 2265 mibi
524 2227 584 2266 non
598 2209 690 2266 modo
701 2225 762 2265 non
774 2207 946 2276 cedendum,
957 2207 1008 2265 sed

64 2309 151 2366 etiam
171 2317 222 2363 tuo
241 2317 327 2381 atque
346 2306 488 2364 exercitus
506 2307 547 2363 tui
567 2306 672 2364 auxilio
692 2306 721 2362 in
740 2306 802 2363 eius
821 2305 901 2363 modi
920 2322 1009 2363 causa

63 2406 204 2463 utendum
218 2404 314 2461 fuisse.
357 2403 423 2477 Ego
438 2413 466 2461 te
480 2404 549 2460 mihi
565 2421 680 2479 semper
695 2404 819 2461 amicum
837 2421 900 2460 esse
914 2403 1007 2475 volui;

63 2522 112 2562 rne
122 2514 154 2561 ut
168 2502 218 2559 tibi
233 2502 440 2559 amicissimum
454 2519 517 2559 esse
532 2502 721 2576 intellegeres,
731 2501 868 2558 laboravi.
897 2500 1008 2558 Maneo

64 2602 94 2659 in
105 2600 250 2657 voluntate
262 2608 298 2668 et,
308 2598 406 2672 quoad
420 2598 500 2656 voles
513 2606 553 2668 tu,
562 2598 741 2673 permanebo
756 2599 895 2672 citiusque
910 2615 1009 2656 amore

64 2697 106 2754 tui
124 2697 241 2753 fratrem
259 2705 341 2752 tuum
360 2694 458 2753 odisse
481 2696 613 2753 desinam
634 2712 723 2770 quam
743 2695 817 2753 illius
836 2694 907 2753 odio
926 2695 1009 2772 quic·

64 2811 153 2870 quam
168 2793 204 2851 de
218 2803 318 2852 nostra
331 2792 532 2850 benevolentia
546 2791 704 2852 detraham.

309 2976 336 3032 6,
377 2974 435 3032 AD
455 2973 651 3059 ATTICUM
672 2974 694 3032 1.
721 2994 767 3050 13.
857 3007 904 3077 ω

175 3079 240 3141 Scri.
264 3079 372 3139 Roman
392 3099 420 3139 A.
435 3037 622 3165 ffiaffi
643 3081 712 3143 Fna.
733 3099 819 3142 avc.
835 3083 903 3160 ⁶93·

382 3204 485 3247 CICERO
497 3203 612 3247 ATTICO
632 3205 694 3247 SAL.

109 3309 133 3352 1.
157 3292 265 3351 Accam
279 3302 343 3350 tuas
358 3301 415 3351 tres
429 3292 487 3350 iam
502 3293 655 3370 epistolas:
676 3280 765 3351 unam
779 3310 797 3351 a
811 3292 854 3352 M.
865 3293 1010 3367 Cornelio,

60 3404 157 3466 quam
170 3385 279 3444 Tribus
290 3385 442 3458 Tabernis,
452 3397 483 3446 ut
498 3387 612 3464 opinor,
624 3388 651 3445 ei
664 3388 777 3455 dedisti,
787 3388 913 3462 alteram,
923 3408 1011 3468 quam
