2498 3840
153 184 213 251 152
370 183 460 233 n.
486 183 606 231 rurrrr
627 184 818 234 crornorrrs
967 175 1036 260 [rm
1051 174 1099 239 111ss

149 336 298 396 hominem
319 357 389 398 xrm.
411 338 481 398 Kal.
503 341 587 398 Febr.
608 340 731 416 plenum
752 341 932 402 formidinis:
958 344 1008 403 illo
1030 345 1097 420 ipso

150 437 196 493 die
223 438 310 508 sensi,
335 437 405 513 quid
432 448 549 513 ageret;
571 457 733 515 numquam
757 439 828 497 mihi
852 451 956 517 postea
978 443 1097 517 placuit,

149 551 204 591 nec
216 551 357 611 umquam
376 535 452 593 aliud
467 555 503 594 ex
517 536 575 594 alio
590 554 714 612 peccare
729 537 844 596 destitit.
886 537 965 596 Nihil
979 540 1097 598 interim

149 631 186 688 ad
200 650 248 689 me
262 633 394 703 scribere,
409 632 479 689 nihil
495 633 550 690 nisi
567 631 667 708 fugam
683 635 820 708 cogitare.
862 634 944 707 Quid
958 638 1098 711 quaeris?

149 729 222 786 sicut
246 731 273 783 ἐν
292 733 347 786 τοῖς
367 733 494 803 ἐρωτικοῖς
517 730 643 787 alienant
665 731 841 802 immundae,
856 733 992 804 insulsae,
1013 735 1098 794 inde·

149 844 243 895 corae,
272 826 313 884 sic
340 844 388 883 me
415 826 489 884 illius
523 826 609 902 fugae
637 827 897 904 neglegentiaeque
925 830 1098 892 deformitas

148 924 248 981 avertit
261 924 298 980 ab
313 941 412 981 amore
420 942 428 995 ;
450 923 520 981 nihil
539 926 617 982 enim
631 924 752 1000 dignum
767 925 899 997 faciebat,
914 946 973 1003 qua
987 947 1019 987 re
1033 930 1098 991 eius

148 1021 234 1097 fugae
262 1022 398 1080 comitem
425 1041 472 1082 me
500 1022 697 1098 adiungerem.
740 1023 828 1082 Nunc
852 1027 975 1101 emergit
1001 1044 1097 1099 amor,

148 1137 227 1178 nunc
242 1119 414 1178 desiderium
429 1119 502 1178 ferre
517 1138 579 1178 non
593 1138 723 1197 possum,
738 1138 818 1179 nunc
837 1121 909 1179 mihi
929 1122 1000 1180 nihil
1021 1125 1097 1196 libri,

148 1215 218 1276 nihil
238 1217 355 1286 litterae,
376 1216 446 1275 nihil
468 1217 598 1276 doctrina
619 1217 757 1293 prodest:
789 1219 828 1276 ita
852 1218 914 1277 dies
938 1230 968 1278 et
990 1231 1097 1280 noctes

148 1325 297 1389 tamquam
312 1316 370 1372 avis
385 1315 438 1384 illa,
454 1333 533 1373 mare
554 1325 718 1390 prospectu,
734 1315 847 1373 evolare
862 1317 950 1391 cupio
959 1335 968 1387 ;
989 1318 1039 1388 d0,
1055 1318 1096 1378 do

148 1429 260 1488 poenas
281 1412 446 1470 temeritatis
466 1430 557 1470 meae.
599 1412 662 1469 Etsi
683 1429 759 1487 quae
780 1411 833 1469 fuit
853 1413 901 1470 illa
924 1416 1095 1474 temeritas?

148 1510 219 1584 quid
240 1509 295 1567 feci
315 1527 377 1567 non
399 1509 681 1568 consideratissime?
724 1508 755 1567 Si
777 1510 854 1567 enirn
883 1508 952 1568 nihil
980 1522 1097 1587 praeter

147 1610 248 1686 fugam
263 1618 453 1686 quaereretur,
471 1609 610 1684 fugissem
628 1607 825 1680 libentissime,
840 1609 893 1667 sed
911 1629 1006 1686 genus
1025 1613 1095 1671 belli

149 1707 336 1767 crudelissimi
364 1717 392 1765 et
419 1707 545 1776 maximi,
574 1706 654 1780 quod
679 1705 811 1763 nondum
835 1707 934 1765 vident
958 1708 1095 1769 homines

150 1805 235 1882 quale
258 1805 386 1863 futurum
409 1805 453 1873 sit,
477 1803 635 1878 perhorrui.
680 1801 765 1873 Quae
787 1804 883 1862 minae
907 1807 1094 1884 municipiis!

150 1922 225 1980 quae
243 1902 415 1961 nominatim
437 1901 503 1958 viris
522 1901 624 1958 bonisl
646 1918 721 1975 quae
739 1900 863 1977 denique
882 1904 1030 1976 omnibus,
1045 1905 1096 1983 qui

149 2001 369 2059 remansissentl
392 2016 479 2075 quam
502 1998 602 2055 crebro
623 1997 692 2054 illud
712 1997 809 2056 ‘Sulla
827 2000 929 2074 potuit,
951 2019 1009 2078 ego
1032 2022 1095 2062 non

148 2096 291 2176 poteroi'
333 2116 360 2171 3.
382 2095 456 2154 Mihi
476 2106 572 2153 autem
593 2094 748 2154 haeserunt
775 2096 840 2154 illa:
868 2097 944 2156 male
966 2099 1095 2178 Tarqui·

147 2197 222 2267 niuS,
250 2196 301 2270 qui
335 2195 503 2264 Porsenam,
532 2193 582 2269 qui
612 2192 764 2251 Octavium
800 2192 963 2252 Mamilium
992 2209 1095 2258 contra

147 2295 280 2372 patriam,
294 2293 381 2369 impie
402 2291 583 2360 Coriolanus,
598 2292 650 2365 qui
666 2291 803 2348 auxilium
824 2293 905 2367 petiit
926 2312 944 2351 a
967 2296 1094 2371 Volscis,

147 2402 223 2451 recte
250 2390 471 2459 Themistocles,
493 2389 543 2465 qui
570 2390 644 2446 mori
671 2389 779 2460 maluit,
800 2390 926 2449 nefarius
955 2391 1094 2470 Hippias,

148 2490 287 2549 Pisistrati
314 2489 396 2558 filius,
422 2488 471 2564 qui
496 2489 526 2545 in
551 2486 735 2544 Marathonia
758 2505 857 2562 pugna
880 2489 984 2547 cecidit
1012 2509 1095 2552 arma

148 2597 249 2648 contra
270 2587 393 2661 patriam
416 2584 518 2643 ferens
561 2585 601 2642 At
629 2583 715 2653 Sulla,
740 2593 770 2642 at
797 2584 917 2656 Marius,
941 2595 972 2644 at
997 2588 1094 2648 Cinna

146 2695 232 2745 recte.
276 2684 372 2741 Immo
400 2683 461 2740 iure
486 2683 626 2752 fortasse;
664 2682 715 2740 sed
743 2682 813 2757 quid
841 2701 943 2740 eorum
971 2685 1094 2745 victoria

147 2783 309 2843 crudelius?
332 2781 402 2857 quid
421 2779 582 2838 funestius?
604 2779 700 2837 Huius
722 2779 787 2837 belli
806 2798 900 2855 genus
922 2781 993 2856 fugi,
1008 2793 1038 2840 et
1057 2801 1093 2842 eo

147 2883 250 2957 magis,
266 2880 346 2957 quod
361 2879 521 2938 crudeliora
538 2879 624 2936 etiarn
644 2878 764 2952 cogitari
784 2887 812 2935 et
832 2879 926 2952 parari
946 2879 1094 2940 videbam.

147 2980 208 3050 Me,
233 2996 321 3056 quem
350 2995 411 3034 non
436 2976 505 3033 nulli
528 2984 762 3034 conservatorem
784 2975 865 3032 istius
888 2977 977 3047 urbis,
1003 2996 1093 3054 quern

147 3086 298 3153 parentem
333 3092 397 3132 esse
426 3073 567 3143 dixerunt,
596 3070 736 3129 Getarum
770 3082 798 3130 et
829 3072 1035 3132 Armeniorum
1065 3086 1094 3135 et

149 3174 326 3232 Colchorum
350 3172 448 3246 copias
472 3170 510 3227 ad
533 3187 598 3226 eam
623 3168 786 3227 adducere?
818 3188 866 3227 me
887 3170 960 3228 meis
983 3172 1094 3232 civibus

150 3273 267 3342 famem,
287 3271 448 3329 vastitatem
469 3266 571 3325 inferre
592 3266 712 3324 Italiae?
736 3266 814 3326 hunc
835 3268 960 3343 primum
982 3282 1094 3330 morta·

150 3374 208 3432 lem
236 3387 308 3441 esse,
337 3368 441 3428 deinde
470 3367 557 3425 etiarn
584 3366 680 3424 multis
707 3366 804 3424 modis
831 3383 919 3444 posse
947 3370 1093 3448 exstingui
