2392 3848
86 194 147 277 146
353 210 392 260 nr.
418 209 538 259 rnrrrr
557 210 747 260 crcnnorrra
902 197 961 282 [rm

82 356 245 417 ‘animulae
272 357 412 418 stillarunt
418 358 445 433 ,·'
479 368 640 419 recreatum
666 358 746 419 enim
779 377 831 419 me
861 377 971 436 nonqr

82 455 186 514 dicere.
228 455 286 515 Sed
309 458 396 534 plane
419 460 449 514 τὸ
476 459 587 532 συνέχον
610 457 749 531 effecisti3
777 476 836 535 ego
861 458 977 518 enimn

81 554 140 611 iam
159 554 190 611 id
210 571 276 630 ago,
292 555 363 612 mihi
383 555 477 627 crede,
497 565 529 614 ut
550 572 709 633 prosperos
728 555 824 615 exitus
843 573 983 633 consequa

82 651 124 709 sic
144 651 223 709 enirn
244 652 338 722 video,
359 670 415 710 nec
439 652 555 710 duobus
575 652 620 711 his
640 653 712 711 vivis
732 671 788 712 nec
810 652 869 712 boc
890 671 987 712 unon

81 766 221 825 umquam
243 767 305 807 rem
332 749 479 826 publicam
505 749 664 808 habituros.
705 748 752 809 Ita
778 767 877 827 neque
905 750 943 809 de
966 761 995 808 ot

81 855 182 905 nostro
196 862 283 922 spero
302 845 360 903 iam
380 863 436 904 nec
456 843 544 903 ullam
562 846 750 904 acerbitatem
769 863 884 906 recuso.
927 845 1001 904 Unur

81 942 150 1000 illud
170 943 404 1012 extimescebam,
420 960 458 1000 ne
475 942 545 1019 quid
564 943 685 1018 turpiter
704 943 840 1015 facerem,
854 943 902 1002 vel
923 943 1005 1002 dican

82 1040 140 1098 iarn
167 1039 309 1098 fecissem.
362 1058 388 1098 a.
412 1037 459 1098 Sic
487 1057 559 1116 ergo
586 1040 703 1107 habeto,
732 1039 872 1100 salutares
900 1050 930 1100 te
956 1041 1013 1099 mih

81 1137 187 1196 litteras
211 1137 333 1207 misisse,
349 1155 445 1212 neque
466 1137 562 1196 solum
582 1137 636 1196 has
656 1137 815 1214 longiores,
829 1138 939 1215 quibus
958 1139 1019 1197 nihi

81 1244 178 1311 potest
205 1253 270 1293 esse
297 1235 474 1310 explicatius,
499 1234 569 1292 nihil
591 1234 754 1312 perfectius,
775 1236 830 1294 sed
853 1237 944 1296 etiam
965 1236 1024 1295 illas

81 1333 234 1404 breviores,
255 1332 285 1389 in
309 1333 414 1408 quibus
437 1331 495 1391 hoc
517 1331 587 1390 mihi
607 1332 850 1419 iucundissimum
871 1332 936 1406 fuit,
955 1351 1025 1392 con·

82 1429 177 1488 silium
198 1428 365 1506 factumque
375 1438 507 1488 nostrum
522 1447 540 1487 a
555 1427 643 1488 Sexto
663 1430 789 1505 probari,
800 1441 1025 1508 pergratumque

82 1528 153 1586 mihi
170 1526 316 1598 tufecisti,
331 1545 423 1603 aquo
445 1527 524 1602 diligi
545 1544 593 1584 me
612 1527 734 1604 etquid
753 1536 865 1587 rectum
885 1528 933 1600 sit,
946 1527 1026 1586 intel·

82 1627 139 1702 legi
154 1627 224 1685 scio.
265 1625 396 1702 Longior
414 1643 483 1684 vero
505 1635 554 1683 tua
573 1626 696 1702 epistola
709 1643 771 1684 non
789 1643 838 1684 me
854 1626 960 1698 solum,
975 1623 1026 1685 sed

82 1742 166 1783 meos
185 1742 289 1782 omnes
307 1723 485 1800 aegritudine
506 1723 624 1795 levavit;
647 1723 743 1800 itaque
756 1732 821 1781 utar
839 1733 891 1782 tuo
905 1723 1026 1782 consilio

83 1832 111 1880 et
125 1838 175 1880 ero
189 1822 219 1879 in
233 1821 399 1892 Formian0,
413 1839 451 1878 ne
466 1830 515 1878 aut
529 1820 567 1878 ad
581 1820 684 1878 urbem
699 1821 840 1891 ἀπάντησις
853 1838 923 1880 mea
935 1821 1025 1880 anim·

83 1919 245 1978 advertatur
261 1927 319 1990 aut,
334 1919 359 1978 si
377 1936 432 1977 nec
451 1917 499 1976 hic
513 1935 568 1976 nec
587 1917 644 1976 illic
660 1936 728 1976 eum
744 1917 854 1980 videro,
869 1918 1026 1978 devitatum

84 2034 116 2075 se
130 2035 147 2075 a
161 2035 209 2074 me
222 2025 310 2092 putet.
354 2036 380 2091 3.
404 2014 494 2087 Quod
513 2025 610 2073 autem
629 2015 743 2084 suades,
760 2024 792 2073 ut
810 2016 849 2073 ab
872 2033 911 2075 eo
929 2027 1026 2093 petam

84 2124 115 2172 ut
129 2115 199 2172 mihi
214 2114 357 2173 concedat
370 2123 403 2172 ut
422 2114 500 2171 idem
514 2114 638 2172 tribuam
649 2112 800 2188 Pompeio,
814 2113 896 2190 quod
910 2114 967 2191 ipsi
978 2115 1027 2174 tri·

83 2212 204 2283 buerim,
219 2212 248 2269 id
261 2230 309 2269 me
318 2212 376 2268 iarn
391 2209 503 2286 pridem
517 2228 604 2285 agere
618 2209 767 2285 intelleges
782 2228 818 2267 ex
832 2210 934 2270 litteris
945 2211 1026 2271 Balbi

83 2320 112 2367 et
131 2308 228 2384 Oppii,
244 2326 366 2383 quarum
386 2305 520 2383 exempla
533 2307 585 2364 tibi
605 2307 687 2378 misi;
708 2307 773 2365 misi
788 2307 875 2365 etiam
892 2304 1027 2368 Caesaris

82 2407 120 2466 ad
132 2424 183 2464 eos
203 2425 273 2465 sana
291 2415 389 2463 mente
410 2405 539 2480 scriptas,
555 2422 614 2480 quo
636 2403 727 2463 modo
749 2404 779 2461 in
804 2413 884 2462 tanta
903 2405 1026 2465 insania.

84 2503 134 2563 Sin
148 2504 218 2562 mihi
233 2502 341 2562 Caesar
354 2503 411 2561 hoc
420 2519 481 2560 non
491 2501 641 2572 concedat,
652 2502 737 2560 video
751 2501 803 2559 tibi
816 2502 934 2577 placere
949 2503 1026 2575 illud,

82 2622 130 2661 me
150 2605 290 2674 πολίτευμα
315 2601 351 2659 de
373 2618 446 2677 pace
466 2600 621 2675 suscipere,
642 2599 673 2656 in
694 2616 754 2676 quo
777 2616 838 2656 non
866 2601 1027 2661 extimesco

83 2700 257 2778 periculum:
280 2716 347 2757 cum
362 2698 441 2757 enirn
460 2706 504 2756 tot
522 2696 720 2773 impendeant,
736 2714 788 2755 cur
806 2713 868 2754 non
884 2695 1026 2758 honestis·

83 2800 158 2858 simo
187 2797 331 2872 depecisci
357 2795 464 2854 velim?
500 2793 558 2853 Sed
585 2811 686 2852 vereor
713 2811 750 2851 ne
779 2792 924 2870 Pompeio
957 2794 1028 2873 quid

85 2897 182 2956 oneris
195 2897 356 2970 imponam,

260 3003 294 3068 μή
310 3023 350 3066 μοι
366 3003 481 3069 γοργείην
497 3001 607 3066 κεφαλὴν
623 3001 708 3052 δεινοῖο
725 3000 832 3066 πελώρου

84 3108 264 3184 intorqueat;
293 3105 458 3163 mirandum
479 3105 557 3162 enim
581 3104 613 3162 in
635 3103 756 3162 modum
783 3102 904 3164 Gnaeus
926 3114 1028 3166 noster

85 3205 194 3262 Sullani
215 3204 297 3279 regni
318 3203 533 3262 similitudinem
554 3201 727 3276 concupivit.
769 3203 852 3259 utrae
878 3225 923 3259 σοι
950 3205 1025 3279 λέγω.

84 3302 163 3360 Nihil
184 3303 230 3360 ille
254 3319 394 3378 umquam
415 3301 511 3358 minus
532 3299 657 3357 obscure
679 3298 751 3356 tulit.
795 3297 890 3357 ‘Cum
904 3299 1027 3361 hoccine

84 3398 185 3477 igitur'
200 3400 312 3476 inquies
325 3404 406 3458 ‘esse
417 3394 495 3456 ‘isi’
521 3394 698 3454 Beneficii-n
715 3412 831 3472 sequor,
845 3397 917 3456 mihi
931 3398 1025 3473 crede,
