2392 3848
121 195 183 260 194
374 187 414 242 Μ.
438 187 558 237 runnu
578 186 768 237 ciceronis
932 173 1042 261 [univ.

117 363 150 405 ut
163 349 187 405 is
202 346 306 423 cuique
324 345 416 416 locus,
429 347 480 404 ubi
494 345 556 422 ipse
575 345 621 418 sit,
634 355 664 404 et
676 346 732 404 sibi
746 345 871 423 quisque
884 345 1045 404 miserrimus

117 459 182 499 esse
200 441 337 510 videatur,
355 450 509 516 propterea
523 449 552 498 et
570 441 612 497 tui
627 439 740 498 consilii
758 440 888 517 paenitet
905 448 934 497 te
951 449 979 497 et
993 455 1047 505 nos,

117 539 167 613 qui
187 539 268 596 dorni
287 555 397 607 sumus,
411 538 462 595 tibi
482 537 560 594 beati
573 536 713 608 videmur,
727 547 758 597 at
776 547 879 596 contra
898 537 982 595 nobis
997 553 1049 593 non

117 650 148 696 tu
167 638 286 712 quidem
300 655 407 694 vacuus
426 637 574 708 molestiis,
589 637 641 696 sed
662 655 733 713 prae
752 637 839 694 nobis
859 636 969 693 beatus.
1008 635 1051 692 At·

118 755 175 811 que
189 736 247 794 hoc
267 737 332 810 ipso
350 735 451 793 melior
472 747 515 793 est
534 744 585 793 tua
601 753 690 811 quam
709 743 808 793 nostra
822 733 968 803 condicio,
982 729 1054 808 quod
1100 764 1102 795 ι

117 847 157 903 tu,
181 834 250 908 quid
272 834 375 904 doleat,
396 834 522 892 scribere
543 833 642 903 audeS,
663 851 719 891 uos
747 851 786 890 ne
805 832 836 890 id
857 831 978 908 quidem
1000 840 1056 887 tuto
1100 816 1102 827 '

118 949 283 1008 possumus,
308 948 363 988 nec
390 931 420 988 id
447 932 564 989 victoris
590 932 669 1000 vitio,
691 949 752 1006 quo
779 929 850 987 nihil
876 929 1056 996 moderatius,

119 1030 172 1087 sed
199 1029 291 1104 ipsius
318 1028 461 1098 victoriae,
491 1045 566 1102 quae
599 1028 728 1086 civilibus
759 1027 844 1086 bellis
871 1044 988 1103 semper
1018 1035 1058 1083 est

119 1127 256 1185 insolens.
299 1145 325 1200 3.
347 1123 417 1182 Uno
445 1135 473 1182 te
501 1126 633 1194 vicimus,
661 1125 743 1200 quod
769 1124 807 1183 de
834 1123 975 1196 Marcelli,
1004 1123 1057 1182 col·

120 1224 202 1300 legae
219 1223 270 1294 tui,
288 1223 378 1280 salute
399 1221 488 1299 paulo
508 1233 575 1280 ante
594 1240 683 1297 quam
704 1232 735 1280 tu
756 1223 957 1298 cognovimus,
978 1223 1058 1281 etiam

121 1319 284 1378 mehercule
303 1319 392 1395 quod,
407 1338 495 1396 quern
515 1319 553 1376 ad
573 1319 695 1378 modurn
715 1338 751 1378 ea
770 1339 817 1378 res
838 1331 980 1395 ageretur,
994 1321 1059 1378 vidi·

121 1436 196 1476 mus.
238 1416 317 1475 Nam
338 1416 380 1475 sic
400 1416 446 1474 fac
467 1418 631 1475 existimes:
652 1427 720 1493 post
740 1417 794 1476 has
814 1418 954 1488 miserias,
971 1417 1001 1476 id
1021 1425 1061 1475 est

121 1523 291 1588 postquam
309 1511 397 1568 armis
417 1511 571 1586 disceptari
591 1522 729 1586 coeptum
745 1521 790 1569 est
808 1511 846 1569 de
860 1511 922 1569 iure
939 1510 1060 1589 publico,

122 1610 193 1668 nihil
207 1627 271 1667 esse
287 1618 384 1666 actum
399 1608 476 1666 aliud
490 1627 558 1666 cum
572 1609 711 1684 dignitate
718 1628 727 1680 ;
748 1627 818 1668 nam
833 1619 863 1667 et
878 1610 943 1685 ipse
958 1607 1061 1667 Caesar

123 1717 259 1766 accusata
272 1706 426 1765 acerbitate
440 1704 653 1764 Marcelli—sic
668 1707 747 1764 enim
760 1705 1061 1783 appellabat—lauda-

123 1814 210 1879 taque
234 1800 527 1858 honorificentissime
551 1810 581 1858 et
607 1802 751 1876 aequitate
778 1811 829 1860 tua
856 1811 886 1860 et
912 1800 1062 1877 prudentia

123 1911 241 1977 repente
269 1908 382 1974 praeter
404 1916 485 1973 spem
506 1898 586 1968 dixit,
606 1916 639 1956 se
660 1899 772 1956 senatui
792 1898 908 1974 roganti
930 1896 968 1956 de
988 1895 1063 1954 Mar-

124 1999 198 2056 cello
226 2015 264 2054 ne
292 1996 419 2053 hominis
447 1995 566 2071 quidem
593 2013 682 2054 causa
713 2008 894 2071 negaturum.
946 1995 1064 2053 Fecerat

125 2107 222 2154 autern
249 2094 308 2152 hoc
337 2103 461 2161 senatus,
482 2103 522 2162 ut,
544 2112 611 2151 curn
632 2112 650 2151 a
670 2091 704 2151 L.
724 2092 832 2151 Pisone
855 2093 969 2152 mentio
992 2101 1064 2150 esset

124 2195 200 2252 iacta
220 2192 257 2250 de
278 2191 419 2249 Marcello
440 2202 469 2249 et
490 2191 523 2250 C.
538 2190 694 2249 Marcellus
713 2208 745 2248 se
764 2191 802 2249 ad
823 2189 959 2250 Caesaris
977 2189 1064 2266 pedes

125 2293 286 2361 abiecisset,
315 2300 436 2347 cunctus
469 2300 656 2365 consurgeret
684 2299 713 2348 et
745 2290 783 2348 ad
812 2289 970 2382 Caesarem
1001 2308 1065 2365 sup

125 2392 192 2466 plex
221 2390 379 2447 accederet.
421 2388 490 2445 Noli
518 2406 675 2463 quaerere:
710 2388 750 2445 ita
776 2387 847 2445 mihi
874 2387 995 2464 pulcher
1021 2387 1066 2444 hic

125 2490 186 2548 dies
208 2489 285 2545 visus
306 2496 358 2557 est,
379 2496 411 2545 ut
431 2487 560 2563 speciem
584 2487 710 2562 aliquam
731 2486 842 2544 viderer
865 2486 962 2545 videre
987 2486 1066 2564 quasi

124 2587 317 2646 reviviscentis
345 2585 386 2643 rei
413 2586 552 2661 publicae.
597 2604 624 2657 4.
647 2585 748 2660 Itaque
777 2602 845 2642 cum
869 2603 975 2644 omnes
1003 2597 1066 2643 ante

125 2705 173 2744 me
197 2685 290 2759 rogati
314 2684 420 2758 gratias
443 2683 561 2742 Caesari
581 2683 708 2756 egissent
728 2691 842 2758 praeter
861 2681 1067 2741 Volcatium-

125 2784 150 2841 is
171 2784 258 2852 enim,
279 2781 304 2839 si
325 2798 361 2838 eo
382 2780 448 2838 loco
469 2790 554 2850 esset,
576 2781 691 2856 negavit
712 2798 743 2837 se
764 2779 907 2838 iacturum
929 2779 1065 2851 luisse-,

126 2898 182 2956 ego
207 2887 325 2954 rogatus
353 2879 460 2935 mutavi
487 2896 586 2935 meum
610 2878 778 2937 consilium:
808 2895 878 2935 nam
902 2884 1065 2948 statueram,

127 2996 188 3035 non
208 2977 372 3034 mehercule
393 2976 502 3046 inertia,
518 2976 570 3034 sed
591 2975 734 3034 desiderio
755 2976 891 3052 pristinae
913 2976 1064 3052 dignitatis,

127 3076 157 3133 in
184 3084 357 3150 perpetuum
385 3084 488 3132 tacere.
530 3073 627 3149 Fregit
653 3073 711 3131 hoc
739 3090 838 3131 meum
862 3074 1017 3132 consilium
1040 3082 1065 3132 et

128 3172 261 3231 Caesaris
288 3170 459 3246 magnitudo
487 3171 575 3228 animi
599 3179 627 3228 et
655 3179 772 3229 senatus
796 3170 940 3242 officium3
973 3172 1063 3247 itaque

128 3271 257 3347 pluribus
285 3271 378 3328 verbis
406 3270 452 3344 egi
480 3268 598 3327 Caesari
626 3270 740 3344 gratias,
769 3288 875 3344 meque
902 3280 1003 3330 metuo
1029 3286 1062 3327 ne

128 3369 215 3426 etiam
236 3368 265 3426 in
287 3368 387 3426 ceteris
406 3367 488 3424 rebru
516 3366 640 3424 honesto
661 3367 721 3424 otio
741 3367 885 3444 privarim,
905 3370 1062 3446 quoderat
