2392 3848
120 220 172 285 ep.
190 204 246 289 ra]
302 213 420 266 arran.
442 213 735 264 nasamonium
756 216 829 264 xrv.
857 219 884 264 1.
1023 218 1065 282 49

123 385 224 435 tantos
245 374 392 452 percipere
416 372 531 433 luctusl
584 371 662 431 Nam
691 372 760 448 quid
783 390 840 448 ego
864 370 901 429 de
926 370 1066 430 Cicerone

124 474 243 535 dicam?
277 472 327 548 qui
355 489 422 530 cum
451 472 576 547 primum
603 489 706 546 sapere
735 471 838 546 coepit,
867 469 1069 527 acerbissimos

125 570 244 633 'dolores
258 570 446 644 miseriasque
461 569 598 644 percepit.
640 567 724 639 Quae
746 569 777 637 si,
793 577 825 624 tu
838 575 870 624 ut
884 566 992 634 scribis,
1008 565 1068 623 fato
1126 554 1130 565 ⁴

125 670 206 729 sacta
218 678 359 745 putarem,
373 665 477 724 ferrem
492 667 579 742 paulo
594 666 713 736 facilius,
730 666 782 723 sed
796 666 895 723 omnia
917 673 983 722 sunt
1003 680 1069 719 mea

126 767 216 843 culpa
229 764 392 836 commissa,
406 764 456 840 qui
470 763 507 821 ab
521 764 555 822 iis
569 782 616 821 me
631 764 721 820 amari
736 765 884 838 putabam,
897 762 946 838 qui
960 761 1069 818 invide-

126 866 209 935 bant,
237 880 290 922 eos
316 879 378 919 non
406 862 558 937 sequebar,
586 863 636 936 qui
663 864 808 936 petebant.
866 880 892 918 a.
929 858 1020 930 Quod
1048 858 1072 915 si

127 962 237 1021 nostris
261 959 390 1019 consiliis
414 959 459 1016 usi
487 977 618 1017 essemus
647 977 741 1034 neque
769 958 848 1035 apud
876 976 931 1015 nos
960 965 1072 1014 tantum

127 1058 264 1117 valuisset
278 1073 373 1115 sermo
387 1066 437 1115 aut
452 1057 603 1114 stultorum
618 1057 779 1114 amicorum
796 1065 845 1114 aut
866 1057 1073 1130 improborum,

127 1155 288 1216 beatissimi
301 1155 476 1213 viveremus:
505 1173 592 1225 nunc,
614 1157 753 1231 quoniam
775 1174 889 1231 sperare
910 1173 965 1212 nos
986 1153 1073 1210 amici

128 1255 240 1324 iubent,
261 1252 338 1311 dabo
359 1270 486 1328 operam,
507 1268 545 1311 ne
566 1271 632 1310 mea
653 1254 786 1313 valetudo
807 1264 857 1311 tuo
878 1253 969 1310 labori
991 1252 1074 1310 desit.

131 1350 195 1411 Res
208 1360 317 1427 quanta
332 1351 375 1421 sit,
391 1351 535 1426 intellege,
551 1362 718 1428 quantoque
733 1351 816 1409 fuerit
831 1351 941 1409 facilius
955 1368 1073 1407 manere

130 1448 215 1509 domi
239 1465 327 1523 quam
350 1450 462 1520 redire;
495 1448 547 1506 sed
572 1458 678 1518 tamen,
705 1450 728 1506 si
753 1467 857 1507 omnes
881 1449 1011 1506 tribunos
1035 1447 1072 1523 pl.

131 1545 286 1616 habemus,
307 1544 332 1603 si
353 1543 509 1602 Lentulum
530 1554 589 1602 tam
611 1546 782 1616 studiosum,
805 1564 893 1622 quam
913 1544 1032 1614 videtur,
1053 1546 1076 1603 si

131 1661 203 1705 vero
217 1644 304 1701 etiam
314 1641 486 1718 Pompeium
501 1652 529 1701 et
544 1642 706 1714 Caesarem,
718 1661 779 1700 non
794 1653 837 1701 est
852 1643 1073 1719 desperandum.

134 1760 162 1817 3.
186 1739 234 1799 De
247 1739 363 1811 familia,
377 1758 436 1815 quo
459 1739 549 1798 modo
572 1739 714 1816 placuisse
737 1741 836 1798 scribis
859 1741 969 1810 amicis,
990 1738 1077 1798 facie·

132 1856 203 1897 mus
210 1857 220 1911 3
252 1837 386 1909 deloco,
411 1856 488 1896 nunc
514 1837 632 1913 quidem
659 1839 716 1895 iam
742 1839 810 1895 abiit
834 1838 1003 1919 pestilentia,
1027 1837 1078 1896 sed

133 1952 227 2013 quam
240 1932 290 1991 diu
304 1933 363 2004 fuit,
378 1952 426 1991 me
440 1952 501 1991 non
516 1935 615 2009 attigit.
659 1934 801 2003 Plancius,
816 1934 906 1993 homo
927 1935 1076 1993 officiosis-

133 2033 238 2101 simus,
264 2048 312 2089 me
339 2030 431 2106 cupit·
446 2048 510 2088 esse
538 2048 638 2088 secum
666 2042 695 2090 et
722 2032 817 2090 adhuc
845 2033 956 2090 retinet.
1012 2032 1078 2107 Ego

134 2128 271 2187 volebam
294 2126 360 2185 loco
380 2127 474 2201 magis
499 2127 612 2185 deserto
638 2145 701 2186 esse
726 2129 756 2185 in
777 2128 876 2204 Epiro,
899 2147 959 2204 quo
984 2148 1079 2205 neque

135 2224 238 2301 Hispo
252 2224 359 2282 veniret
373 2242 427 2282 nee
440 2224 554 2293 milites,
570 2224 622 2282 sed
637 2224 732 2284 adhuc
747 2225 880 2284 Plancius
895 2245 942 2284 me
960 2229 1079 2299 retinet;

136 2330 236 2399 sperat
249 2338 337 2397 posse
358 2321 427 2392 fieri,
451 2330 483 2378 ut
503 2339 619 2379 mecum
639 2321 669 2379 in
691 2323 804 2381 ltaliam
825 2324 963 2383 decedat:
993 2343 1080 2401 quem

137 2436 197 2496 ego
211 2418 290 2477 diem
303 2418 328 2477 si
341 2418 440 2477 videro
455 2427 484 2477 et
498 2420 521 2478 si
536 2419 566 2477 in
580 2430 707 2478 vestrum
725 2420 911 2496 complexum
926 2441 1032 2481 venero
1047 2443 1081 2482 ac

138 2518 164 2577 si
186 2525 216 2575 et
237 2535 290 2576 vos
308 2527 337 2575 et
360 2535 408 2576 me
432 2518 528 2594 ipsum
552 2536 734 2594 recuperaro,
757 2519 825 2577 satis
847 2538 987 2595 magnum
1012 2522 1083 2578 mihi

139 2615 266 2673 fructum
279 2614 399 2673 videbor
412 2615 577 2690 percepisse
592 2624 621 2673 et
634 2626 744 2674 vestrae
758 2617 871 2691 pietatis
886 2627 913 2675 et
927 2637 1017 2677 meae.
1055 2639 1082 2689 4.

139 2710 257 2771 Pisonis
270 2711 444 2784 humanitas,
458 2713 555 2783 virtus,
571 2731 653 2771 amor
667 2715 697 2771 in
717 2732 820 2772 omnes
839 2733 894 2773 nos
916 2725 1012 2774 tantus
1031 2727 1082 2785 est,

139 2820 173 2867 ut
201 2808 271 2866 nihil
297 2827 385 2885 supra
408 2811 519 2884 possit:
552 2811 663 2868 utinam
689 2830 723 2869 ea
751 2830 797 2869 res
820 2812 846 2869 ei
868 2813 1006 2889 voluptati
1032 2815 1082 2872 sitl

141 2905 252 2983 gloriae
275 2907 392 2982 quidem
417 2907 501 2965 video
526 2905 596 2967 fore.
648 2908 694 2967 De
719 2907 756 2979 Q.
782 2907 868 2968 fratre
890 2910 958 2967 nihil
981 2930 1037 2986 ego
1057 2923 1084 2970 te

143 3004 287 3074 accusavi,
302 3003 354 3062 sed
374 3023 434 3075 vos,
451 3022 518 3062 cum
540 3007 709 3081 praesertim
730 3017 790 3064 tam
811 3009 896 3083 pauci
919 3009 986 3078 sitis,
1008 3009 1086 3066 volui

141 3118 209 3163 me
221 3117 312 3177 quam
326 3102 586 3161 coniunctissimos.
632 3118 657 3177 5.
681 3103 796 3175 Quibus
812 3123 859 3162 me
873 3105 986 3164 voluisti
1001 3125 1086 3184 agere

141 3198 261 3277 gratias,
285 3199 333 3275 egi
353 3209 382 3258 et
402 3217 450 3258 me
478 3218 496 3259 a
523 3209 552 3258 te
581 3202 732 3259 certiorem
756 3201 864 3259 lactum
888 3221 952 3261 esse
977 3206 1085 3281 scripsi.
1121 3258 1123 3262 .

144 3294 240 3371 Quod
252 3294 292 3355 ad
304 3314 360 3367 me,
375 3313 441 3355 mea
455 3297 603 3368 Terentia,
619 3300 718 3357 scribis
737 3308 765 3357 te
783 3301 877 3358 vicum
898 3302 1087 3372 vendituram,

127 3390 228 3475 5quid‚
242 3393 367 3453 obsecro
384 3403 512 3485 te,-me
532 3395 801 3481 miserumt-fquid
822 3397 948 3474 saturum
969 3402 1031 3460 est?
1052 3412 1087 3472 et,

612 3511 632 3552 a
