2498 3840
150 207 213 257 110
425 202 466 254 rr.
491 202 611 252 ruam
631 201 818 252 crcanonrs
974 183 1043 275 [rm
1057 202 1088 252 rt

376 440 423 496 38.
465 437 523 497 AD
543 437 738 497 ATTICUM
759 437 813 497 VI.
836 455 863 497 a.

209 551 275 613 Scn.
296 550 466 610 Lnomcsnr.
486 569 614 610 mudum
634 569 728 610 rmusrr
749 549 835 610 Maro
856 567 940 611 nuc.
962 564 978 629 7
1004 568 1033 625 4.

465 675 567 717 crcnno
587 675 693 718 nurrco
714 676 778 716 sar..

192 789 215 830 1.
239 772 309 832 Cum
318 772 499 847 Philogenes,
514 771 631 829 libertus
640 781 714 841 tuuS,
725 770 903 831 Laodiceam
912 771 951 831 ad
958 791 1008 832 me
1016 773 1090 833 salu·

148 871 228 928 tandi
248 888 336 928 causa
354 871 479 927 venisset
499 877 528 927 et
546 887 577 927 se
589 868 685 926 statim
704 868 741 926 ad
760 877 789 927 te
806 871 1008 945 navigaturum
1028 889 1092 930 esse

149 967 263 1036 diceret,
279 964 332 1024 has
353 966 380 1023 ei
400 965 506 1023 litteras
521 964 596 1035 dedi,
611 964 715 1040 quibus
736 965 839 1024 adeas
859 967 1003 1042 rescripsi,
1019 985 1092 1044 quas

147 1081 318 1139 acceperam
346 1081 364 1120 a
388 1061 469 1120 Bruti
496 1062 662 1133 tabellario;
695 1072 723 1120 et
750 1063 936 1139 respondebo
963 1066 1093 1140 primum

147 1170 311 1235 postremae
325 1168 391 1216 tuae
406 1158 539 1233 paginae,
554 1176 628 1234 quae
642 1159 712 1216 milri
726 1177 851 1236 magnae
865 1159 1017 1220 molestiae
1031 1161 1093 1234 fuit,

148 1257 229 1332 quod
248 1256 286 1314 ad
305 1265 334 1313 te
356 1256 493 1330 scriptum
515 1268 558 1314 est
578 1275 597 1314 a
616 1256 720 1316 Cincio
741 1257 778 1315 de
800 1257 882 1315 Statii
903 1275 1047 1331 sermone,
1062 1259 1094 1317 in

147 1372 207 1430 quo
223 1354 280 1411 hoc
296 1352 533 1410 molestissimum
553 1363 604 1421 est,
624 1353 746 1412 Statium
766 1353 862 1412 dicere
876 1371 894 1412 a
907 1373 956 1414 me
974 1373 1094 1433 quoque

149 1452 179 1510 id
194 1451 346 1510 consilium
360 1450 485 1526 probari.
525 1449 657 1508 Probarz'
673 1452 796 1511 autem?
814 1453 851 1511 de
866 1452 924 1511 isto
941 1453 1091 1514 hactenus

148 1549 278 1607 Dixerim
298 1565 345 1605 me
366 1548 411 1604 vel
431 1547 554 1623 plurima
572 1548 666 1607 vincla
685 1558 784 1607 tecum
801 1567 933 1608 summae
953 1551 1094 1611 coniunc-

149 1647 236 1704 tionis
251 1654 360 1720 optare,
375 1645 428 1702 etsi
443 1654 508 1702 sunt
527 1647 633 1705 amoris
647 1647 807 1720 artissima3
829 1657 941 1706 tantum
956 1650 1046 1720 abest,
1061 1659 1094 1710 ut

149 1762 205 1819 ego
226 1762 263 1802 ex
284 1760 330 1813 eo,
349 1760 409 1817 quo
430 1743 536 1800 astricti
557 1762 667 1816 sumus,
689 1742 778 1802 laxari
799 1745 906 1821 aliquid
926 1746 1021 1806 velim
1066 1767 1093 1809 a.

148 1842 234 1899 Illum
262 1849 359 1899 autem
380 1839 470 1897 multa
490 1838 527 1896 de
547 1840 608 1898 istis
631 1842 717 1898 rebus
739 1841 867 1918 asperius
894 1840 988 1901 solere
1012 1842 1094 1920 loqui

148 1957 236 2014 saepe
250 1955 315 1996 sum
329 1946 472 2012 expertus,
488 1954 575 2014 saepe
589 1939 675 1996 etiam
690 1937 774 1995 lenivi
788 1939 913 1997 iratum:
936 1939 967 1997 id
982 1941 1094 2001 scirete

150 2036 288 2105 arbitror;
318 2035 349 2090 in
372 2034 427 2092 hac
450 2043 547 2092 autem
571 2036 803 2110 peregrinatione
830 2036 964 2095 militiave
993 2047 1095 2098 nostra

151 2150 238 2207 saepe
270 2132 423 2188 incensum
456 2130 498 2188 ira
525 2131 592 2203 vidi,
621 2151 708 2207 saepe
736 2133 889 2209 placatum.
947 2133 1028 2206 Quid
1054 2137 1096 2197 ad

152 2229 273 2286 Statium
298 2227 450 2303 scripserit,
474 2228 591 2286 nescio:
623 2229 760 2305 quicquid
787 2239 902 2289 acturus
928 2230 965 2289 de
990 2232 1040 2290 tali
1062 2249 1095 2291 re

150 2327 211 2396 fuit,
221 2325 406 2385 scribendum
420 2334 518 2382 tamen
532 2325 570 2383 ad
583 2324 715 2383 libertum
731 2343 792 2383 non
806 2326 865 2385 fuit.
908 2326 981 2386 Mihi
996 2339 1095 2389 autem

150 2424 202 2482 erit
222 2423 367 2480 maximae
388 2438 482 2491 curae,
504 2422 632 2497 nequid
657 2422 707 2480 fiat
730 2441 823 2494 secuS,
848 2441 937 2499 quam
959 2425 1094 2484 volumus

151 2539 297 2599 quamque
311 2530 426 2596 oportet
433 2537 442 2591 ;
464 2537 518 2578 nec
533 2522 601 2579 satis
621 2530 666 2579 est
684 2521 714 2579 in
729 2523 791 2580 eius
805 2523 886 2580 modi
899 2540 930 2580 re
945 2540 977 2580 se
991 2540 1095 2599 quem·

149 2640 207 2697 que
221 2628 374 2696 praestare,
388 2636 422 2676 ac
438 2618 582 2676 maximae
602 2629 698 2694 partes
720 2618 800 2677 istius
821 2619 908 2678 officii
927 2630 994 2678 sunt
1011 2621 1094 2696 pueri

150 2717 300 2777 Ciceronis
315 2717 373 2775 sive
387 2716 445 2773 iam
460 2715 651 2774 adulescentis
659 2734 669 2788 3
690 2716 770 2792 quod
784 2717 903 2792 quidem
916 2718 997 2775 illum
1012 2720 1094 2778 soleo

150 2816 265 2875 hortari.
309 2815 354 2872 Ac
372 2813 443 2871 mihi
460 2813 570 2871 videtur
589 2824 711 2871 matrem
730 2813 821 2883 valde,
836 2824 867 2872 ut
885 2814 980 2886 debet,
995 2835 1095 2877 amare

151 2923 237 2989 teque
265 2912 392 2970 mirifice.
437 2910 495 2970 Sed
521 2921 565 2969 est
587 2928 726 2985 magnum
750 2905 820 2969 illud
843 2911 970 2987 quidem,
993 2931 1095 2973 verum

151 3023 249 3069 tamen
271 3008 419 3086 multiplex
447 3009 529 3084 pueri
551 3008 709 3082 ingenium,
736 3009 767 3065 in
795 3025 855 3084 quo
882 3027 939 3085 ego
964 3012 1096 3086 regendo

150 3110 244 3168 habeo
253 3109 361 3185 negotii
377 3108 454 3166 satis.
487 3125 514 3180 3.
536 3105 685 3178 Quoniam
695 3107 833 3182 respondi
846 3117 1011 3183 postremae
1026 3119 1095 3170 tuae

152 3209 275 3284 paginae
303 3209 398 3284 prima
426 3224 500 3275 mea,
529 3222 607 3263 nunc
636 3204 674 3262 ad
701 3206 824 3280 primam
854 3216 979 3264 revertar
1005 3217 1095 3268 tuam

152 3304 381 3381 Peloponnesias
407 3305 534 3362 civitates
558 3321 661 3361 omnes
689 3301 847 3361 maritimas
870 3321 944 3373 esse,
967 3304 1095 3366 hominis

150 3420 212 3462 uon
236 3420 372 3479 nequam,
394 3402 445 3460 sed
471 3403 557 3460 etiam
579 3411 630 3462 tuo
651 3401 757 3461 iudicio
777 3401 901 3483 probati,
922 3401 1094 3463 Dicaearchi
