2392 3848
169 203 208 269 18
422 213 460 267 M.
486 211 605 259 rurrrr
626 208 814 258 arcanorum
1002 190 1079 279 [Pars
1096 208 1116 257 1.

165 371 368 443 commoverit;
408 387 532 444 quorum
562 367 681 426 Catulus
709 386 776 426 curn
804 365 920 424 vidisset
949 363 1116 441 quendam,

166 468 254 545 ‘quid
268 466 339 525 vos'
362 467 453 542 inquit
475 464 668 540 ‘praesidium
683 482 701 521 a
721 464 807 522 nobis
828 462 1043 539 postulabatis?
1075 479 1116 519 an

164 587 201 627 ne
215 565 327 624 nummi
342 564 423 622 vobis
438 564 615 638 eriperentur
638 557 808 640 [timebatis]
822 560 850 618 l'
893 561 920 616 6.
949 557 1065 630 Habes,
1082 569 1116 617 ut

163 662 330 722 brevissime
358 661 448 736 potui,
476 677 569 736 genus
593 659 689 716 iudicii
714 669 742 716 et
767 675 884 716 causam
908 657 1115 716 absolutionis

164 759 287 832 Quaeris
302 759 448 832 deincepS,
463 757 512 833 qui
526 774 605 814 nunc
626 757 662 813 sit
677 765 766 812 status
780 773 876 812 rerum
898 754 990 830 etqui
1005 771 1114 811 meus:

163 858 204 915 rei
218 856 349 932 publicae
374 863 480 912 statum
508 852 596 923 illum,
626 871 713 929 quem
742 863 773 911 tu
800 869 867 910 meo
893 851 1024 921 consilio,
1053 869 1115 926 ego

164 951 260 1008 divino
290 948 491 1007 confirmatum
526 947 673 1021 putabam,
708 947 758 1020 qui
793 947 940 1003 bonorum
974 945 1115 1002 omnium

165 1047 369 1106 coniunctione
383 1054 412 1104 et
426 1045 594 1103 auctoritate
609 1043 774 1101 consulatus
793 1043 851 1099 mei
866 1042 940 1100 fixus
961 1051 990 1100 et
1004 1041 1115 1099 sunda-

163 1155 209 1202 tus
224 1144 381 1212 videbatur,
397 1144 451 1201 nisi
466 1143 531 1219 quis
545 1159 601 1199 nos
623 1141 694 1198 deus
709 1141 873 1215 respexerit,
888 1140 1020 1215 elapsum
1035 1140 1114 1198 scito

165 1259 229 1298 esse
248 1241 284 1298 de
302 1241 436 1298 manibus
450 1257 510 1297 uno
525 1239 582 1296 hoc
597 1239 712 1308 iudici0‚
728 1239 751 1295 si
766 1238 904 1296 iudicium
924 1245 976 1307 est,
991 1237 1116 1312 triginta

164 1337 298 1396 homines
312 1338 413 1413 populi
429 1336 556 1394 Romani
575 1336 737 1394 levissimos
755 1353 790 1394 ac
809 1335 1003 1410 nequissimos
1022 1352 1115 1392 num·

165 1435 251 1493 mulis
266 1436 393 1512 acceptis
407 1436 451 1492 ius
466 1452 500 1491 ac
514 1433 557 1490 fas
572 1451 660 1491 omne
675 1433 768 1492 delere
783 1443 818 1504 et,
834 1434 914 1509 quod
928 1449 1033 1490 omnes
1049 1450 1115 1491 non

166 1532 256 1590 modo
271 1533 412 1603 homines
427 1550 526 1588 verum
548 1532 635 1589 etiam
649 1531 776 1607 pecudes
790 1530 898 1589 sactum
920 1549 984 1588 esse
1006 1530 1114 1601 sciant,

166 1630 196 1688 id
220 1629 366 1687 Thalnam
390 1640 419 1687 et
441 1628 574 1686 Plautum
597 1638 626 1687 et
653 1629 813 1704 Spongiam
836 1638 864 1686 et
889 1641 999 1687 ceteras
1021 1628 1115 1687 huius

167 1727 247 1786 modi
262 1727 430 1802 quisquilias
445 1735 569 1784 statuere
583 1743 744 1800 numquam
759 1743 823 1783 esse
837 1725 954 1783 factum.
999 1737 1025 1798 7.
1052 1725 1115 1784 Sed

167 1835 273 1894 tamen,
288 1833 320 1882 ut
334 1834 362 1882 te
377 1823 414 1880 de
429 1841 459 1880 re
478 1823 594 1898 publica
608 1823 752 1892 consoler,
766 1841 827 1880 non
848 1823 896 1893 ita,
911 1833 942 1880 ut
957 1833 1117 1897 sperarunt

167 1921 243 1993 mali,
259 1932 338 1979 tanto
360 1921 497 1996 imposito
519 1922 560 1978 rei
579 1921 711 1998 publicae
726 1921 840 1978 volnere
863 1921 963 1978 alacris
985 1922 1117 1982 exsultat

167 2021 335 2095 improbitas
360 2020 390 2075 in
413 2019 545 2088 victoria;
579 2037 647 2075 nam
672 2018 758 2094 plane
781 2019 1019 2093 imputaverunt,
1042 2037 1117 2079 cum

168 2117 277 2192 religio,
292 2135 359 2174 cum
374 2116 519 2191 pudicitia,
535 2134 601 2173 cum
622 2115 792 2174 iudiciorum
813 2116 894 2185 fides,
909 2135 976 2175 cum
990 2128 1116 2178 senatus

169 2215 323 2273 auctoritas
345 2213 528 2284 concidisset,
550 2213 612 2271 fore
633 2224 665 2271 ut
685 2224 783 2288 aperte
805 2214 904 2271 victrix
925 2214 1056 2288 nequitia
1079 2235 1117 2276 ac

169 2312 257 2371 libido
272 2329 384 2386 poenas
398 2312 435 2369 ab
449 2312 562 2386 optimo
576 2329 693 2387 quoque
708 2322 818 2386 peteret
832 2311 876 2369 sui
890 2311 1006 2381 doloris,
1021 2329 1118 2386 quem

124 2420 139 2453 τ’
169 2395 386 2485 improbissimo
406 2409 510 2485 cuique
533 2409 675 2466 inusserat
694 2410 829 2468 severitas
852 2408 1019 2467 consulatus
1044 2412 1117 2470 mei.

171 2511 198 2567 8.
240 2505 325 2565 Idem
360 2524 416 2581 ego
447 2506 596 2564 ille-non
623 2507 702 2564 enim
730 2506 799 2564 mihi
826 2507 925 2565 videor
952 2505 1120 2569 insolenter

170 2605 294 2682 gloriari,
317 2622 385 2662 cum
409 2605 446 2662 de
470 2623 518 2661 me
543 2603 622 2679 apud
646 2614 674 2662 te
697 2605 810 2680 loquor,
831 2605 860 2661 in
885 2622 920 2662 ea
941 2607 1118 2680 praesertim

171 2703 301 2780 epistola,
313 2720 402 2779 quam
416 2702 486 2759 nolo
501 2702 563 2759 aliis
577 2701 762 2778 legi-idem,
774 2703 902 2778 inquam,
914 2719 970 2776 ego
984 2707 1119 2766 recreavi

171 2801 304 2860 adflictos
326 2800 440 2858 animos
463 2800 616 2871 bonorum,
640 2817 733 2857 unum
757 2817 902 2876 quemque
925 2797 1120 2876 confirmans,

172 2901 320 2969 excitans;
358 2897 534 2979 insectandis
562 2914 631 2955 vero
667 2898 907 2973 exagitandisque
942 2901 1119 2961 nummariis

172 2998 314 3057 iudicibus
335 3013 454 3054 omnem
471 2995 608 3053 omnibus
630 2996 767 3054 studiosis
788 3013 822 3053 ac
845 2995 1012 3064 fautoribus
1037 2994 1120 3058 illius

173 3088 307 3153 victoriae
327 3094 470 3167 παρρησίαν
487 3093 585 3168 eripui,
601 3091 738 3151 Pisonem
760 3092 910 3151 consulem
931 3090 1009 3149 nulla
1030 3092 1063 3150 in
1087 3116 1121 3156 re

174 3193 331 3254 consistere
353 3181 492 3268 umquam
516 3208 580 3248 sum
603 3208 715 3265 passus,
731 3189 907 3264 desponsam
929 3188 1041 3247 homini
1056 3193 1122 3256 iam

101 3276 143 3389 ’χ
176 3290 286 3366 Syriam
311 3287 415 3358 ademi,
441 3299 574 3346 senatum
598 3288 635 3346 ad
654 3288 803 3363 pristinam
829 3305 911 3346 suam
933 3287 1121 3355 severitatem

175 3387 307 3448 revocavi
329 3397 416 3462 atque
440 3387 584 3447 abiectum
609 3387 739 3458 excitavi,
766 3383 903 3444 Clodium
931 3397 1123 3464 praesentem

424 3520 474 3571 :¹22
485 3540 504 3567 <⁶1¹-
511 3525 583 3569 ltsffl‘·
617 3522 619 3527 Ι
645 3518 661 3555 '·'
