2392 3848
120 116 178 164 122
340 109 426 161 fur.
451 109 570 160 cusan
591 111 782 162 arcanorum
949 100 1054 184 [nan

116 258 237 318 consilio
256 258 285 317 in
302 257 428 318 Siciliam
449 279 497 319 me
518 261 638 332 mittere,
654 261 736 338 quod
754 260 911 338 imperium
932 262 1055 321 habeam.

117 357 152 414 ld
166 367 209 415 est
222 357 405 431 Ἀβδηριτικόν.
447 358 510 417 Nec
525 360 603 418 enim
622 369 739 417 senatus
754 361 881 419 decrevit
899 378 957 418 nec
971 378 1056 437 popu·

116 454 160 513 lus
188 454 270 512 iussit
297 473 344 512 me
371 456 525 531 imperium
548 457 579 514 in
604 455 700 515 Sicilia
723 456 847 527 habere;
874 457 921 515 sin
941 457 999 516 hoc
1017 474 1057 515 res

116 552 232 629 publica
246 551 283 610 ad
298 551 472 629 Pompeium
490 553 590 624 defert,
605 555 655 629 qui
675 573 723 612 me
745 556 838 630 magis
858 573 951 630 quam
972 555 1057 631 priva·

117 661 178 706 tum
192 649 318 725 aliquem
332 651 444 709 mittat?
465 650 570 726 itaque,
586 652 610 710 si
629 651 687 710 hoc
706 652 858 727 imperium
873 652 946 710 mihi
960 652 1058 710 moles

116 757 177 804 tum
192 749 252 817 erit,
268 757 331 804 utar
352 765 387 805 ea
408 757 500 822 porta,
516 766 605 824 quam
627 749 751 825 primam
772 749 882 807 videro.
928 763 956 822 5.
979 748 1059 815 Nam,

117 844 198 920 quod
227 845 327 904 scribis
351 844 501 902 mirificam
522 847 771 921 exspectationem
793 863 857 905 esse
881 847 942 905 mei
970 863 1059 922 neque

116 955 214 1002 tamen
234 962 411 1021 quemquam
432 946 577 1002 bonomm
595 952 644 1003 aut
666 945 734 1002 satis
756 945 903 1003 bonorum
925 944 1060 1015 dubitare,

117 1041 186 1116 quid
208 1040 335 1099 facturus
361 1041 424 1111 sim,
446 1059 511 1117 eg0,
534 1059 609 1117 quos
630 1051 661 1100 tu
682 1043 778 1100 bonos
802 1059 867 1100 esse
891 1043 982 1112 dicas
1004 1060 1060 1101 non

117 1140 358 1215 intellego-ipse
379 1139 474 1197 nullos
499 1141 618 1211 novi—,
641 1139 761 1210 sedita,
784 1140 807 1197 si
829 1139 949 1198 ordines
970 1141 1059 1198 bono·

116 1255 180 1294 rum
195 1237 369 1313 quaerimus.
411 1236 489 1294 Nam
505 1237 664 1313 singulares
679 1246 746 1295 sunt
759 1236 829 1294 boni
846 1236 906 1307 viri,
921 1254 1022 1295 verum
1034 1238 1061 1294 in

117 1333 345 1392 dissensionibus
360 1334 477 1392 ordines
487 1335 632 1393 bonorum
647 1344 675 1392 et
686 1352 794 1410 genera
809 1333 978 1410 quaerenda
992 1347 1060 1393 sunt.

117 1430 256 1489 Senatum
272 1430 385 1488 bonum
401 1441 493 1506 putas
509 1450 561 1507 per
579 1450 667 1508 quem
685 1432 747 1490 sine
760 1431 884 1507 imperio
899 1431 1061 1508 provinciae

116 1539 182 1588 sunt
192 1530 406 1605 l—numquam
420 1529 498 1587 enim
518 1529 606 1588 Curio
625 1530 814 1600 sustinuisset,
831 1529 855 1587 si
872 1547 941 1587 cum
961 1547 999 1588 eo
1017 1529 1060 1604 agi

116 1638 253 1703 coeptum
272 1636 357 1699 esset,
373 1645 460 1703 quam
480 1627 653 1686 sententiam
671 1637 788 1685 senatus
807 1626 890 1702 sequi
910 1627 1013 1699 noluit,
1027 1645 1059 1684 ex

117 1743 176 1801 quo
190 1726 298 1784 sactum
318 1735 362 1783 est
381 1735 412 1784 ut
427 1723 545 1783 Caesari
559 1741 620 1782 non
639 1724 921 1782 succederetur-an
934 1724 1059 1800 publica·

116 1822 193 1881 nos?
215 1824 265 1899 qui
286 1839 447 1897 numquam
467 1822 549 1893 firmi,
565 1822 616 1881 sed
635 1839 713 1880 nunc
729 1820 847 1880 Caesari
865 1830 934 1880 sunt
948 1823 1059 1881 amicis·

117 1921 271 1991 simi—an
282 1918 490 1977 faeneratores?
513 1938 551 1978 an
560 1920 716 1995 agricolas?
734 1920 838 1995 quibus
847 1919 1059 1994 optatissimum

117 2027 160 2074 est
174 2017 275 2088 otium,
290 2017 345 2074 nisi
359 2033 412 2074 eos
433 2016 532 2075 timere
551 2028 645 2093 putas,
660 2035 697 2075 ne
713 2018 767 2075 sub
781 2034 873 2092 regno
888 2016 955 2087 sint,
971 2017 1061 2094 quiid

118 2133 287 2190 numquam,
299 2115 369 2173 dum
383 2114 473 2171 modo
488 2115 573 2172 otiosi
593 2125 698 2186 essent,
713 2122 891 2173 recusarunt.
934 2115 962 2173 6.
985 2115 1060 2187 Quid

118 2213 208 2288 ergo?
230 2211 387 2270 exercitum
401 2211 557 2282 retinentis,
567 2231 635 2270 cum
649 2211 721 2287 legis
735 2213 797 2271 dies
812 2212 963 2284 transierit,
979 2215 1061 2272 ratio·

118 2328 186 2367 nem
200 2309 299 2367 haberi
313 2308 428 2385 placet?
450 2308 523 2366 Mihi
537 2327 606 2367 vero
626 2329 663 2368 ne
682 2310 810 2369 absentis
826 2308 954 2385 quidem.
998 2310 1060 2382 Sed,

118 2425 185 2465 cum
205 2407 234 2464 id
250 2407 350 2464 datum
365 2416 417 2477 est,
432 2406 501 2464 illud
517 2425 575 2465 una
589 2407 688 2466 datum
704 2417 755 2466 est.
798 2407 973 2466 ‘Annorum
988 2411 1062 2468 enim

118 2505 221 2563 decem
235 2504 388 2579 imperium
402 2513 430 2563 et
444 2505 483 2563 ita
496 2505 586 2562 latum
593 2502 725 2580 plocetss'
761 2505 858 2564 Placet
878 2505 966 2580 igitur
979 2508 1062 2567 etiam

117 2622 165 2661 me
180 2601 333 2678 expulsum
348 2611 376 2658 et
395 2621 498 2678 agmm
513 2601 698 2678 Campanum
715 2604 824 2678 perisse
845 2612 875 2661 et
893 2603 1062 2680 adoptatum

118 2702 269 2779 patricium
291 2718 308 2757 a
328 2699 452 2775 plebeio,
469 2700 645 2758 Gaditanum
661 2719 679 2758 a
693 2701 880 2778 Mytilenaeo,
894 2710 923 2759 et
944 2701 1062 2761 Labieni

118 2800 231 2857 divitiae
252 2807 281 2856 et
304 2797 469 2856 Mamurrae
489 2797 604 2874 placent
625 2808 653 2856 et
674 2798 757 2856 Balbi
778 2798 853 2855 horti
874 2807 903 2856 et
923 2798 1062 2858 Tuscula·

119 2916 198 2957 num.
251 2895 308 2955 Sed
336 2894 440 2953 horum
465 2896 597 2953 omnium
625 2894 692 2953 fons
719 2912 795 2953 unus
823 2904 883 2954 est:
918 2895 1062 2956 imbecillo

118 2995 310 3052 resistendum
324 2992 384 3063 fuit,
399 3002 427 3051 et
442 2992 472 3050 id
486 3001 547 3051 erat
559 2992 660 3064 facile3
683 3011 761 3050 nunc
775 2992 907 3069 legiones
921 3011 970 3064 xa,
986 2995 1061 3070 equi·

119 3102 194 3149 tatus
215 3101 318 3163 tantus,
334 3099 475 3166 quantum
496 3089 581 3160 volet,
596 3089 807 3164 Transpadani,
823 3090 924 3166 plebes
945 3094 1061 3164 urbana,

118 3199 162 3248 tot
189 3190 294 3247 tribuni
322 3189 369 3265 pl,
394 3198 454 3246 tam
481 3187 593 3263 perdita
620 3187 760 3257 iuventus,
789 3197 869 3245 tanta
896 3191 1061 3248 auctoritate

119 3287 187 3357 dux,
203 3297 282 3345 tanta
297 3287 424 3346 audacia.
467 3285 543 3344 Cum
564 3286 621 3344 hoc
641 3295 690 3343 aut
704 3285 935 3360 depugnandum
954 3296 999 3346 est
1017 3295 1062 3346 aut
