2392 3848
123 226 169 291 aa
182 210 240 298 aa]
347 224 462 276 nrrsr.
483 225 534 274 ao
554 224 718 275 ammom
742 227 785 276 vr.
811 229 841 279 a.
1010 229 1067 277 111

121 372 230 434 tabulis
242 373 367 434 credidi:
386 376 411 434 is
424 376 521 436 multis
535 377 702 435 nominibus
713 376 744 434 in
754 375 965 454 Trophoniana
977 377 1071 437 Chae-

121 473 205 531 ronis
224 473 389 532 narratione
410 472 543 534 Graecos
564 476 594 534 in
616 494 653 535 eo
676 475 868 552 reprehendit,
891 474 971 551 quod
991 492 1071 532 mare

121 578 239 629 tantum
266 572 358 630 secuti
385 581 459 644 sunt,
483 591 538 632 nec
563 573 653 631 ullum
683 573 714 630 in
742 573 946 648 Peloponneso
974 573 1072 630 locum

121 667 240 744 excipit.
282 667 359 728 Cum
372 669 443 727 mihi
462 682 564 730 auctor
577 671 851 748 placeret-etenim
865 680 926 727 erat
940 671 1071 743 ἱστορικῶ-

122 788 202 825 mroe
215 776 247 837 et
260 767 368 826 vixerat
382 768 412 825 in
424 767 679 844 Peloponneso-‚
695 768 856 827 admirabar
870 762 967 825 tamen
982 778 1009 825 et
1023 768 1070 824 vix

123 862 287 923 adcredens
312 867 523 925 communicavi
544 885 613 926 cum
633 867 794 943 Dionysio;
820 876 906 942 atque
931 866 956 923 is
977 866 1072 942 primo

123 970 171 1019 est
199 971 373 1032 commotus,
401 962 516 1037 deinde,
545 965 626 1040 quod
654 965 691 1023 de
718 965 774 1022 isto
802 963 982 1021 Dicaearcho
1009 981 1072 1020 non

123 1057 224 1117 minus
242 1060 319 1117 bene
338 1059 530 1119 existumabat
548 1080 637 1138 quam
657 1072 688 1120 tu
703 1061 738 1119 de
753 1060 786 1119 C.
803 1060 948 1132 Vestori0,
963 1078 1020 1135 ego
1035 1061 1072 1118 de

124 1154 170 1214 M.
184 1154 298 1229 Cluvio,
312 1174 374 1216 non
389 1159 539 1218 dubitabat
558 1161 628 1236 quin
647 1161 673 1217 ei
692 1159 894 1218 crederemus:
929 1157 1071 1215 Arcadiae

123 1255 266 1314 censebat
294 1272 359 1314 esse
387 1254 523 1332 Lepreon
559 1257 708 1333 quoddam
736 1256 927 1327 maritimum:
969 1254 1073 1313 Tenea

123 1362 226 1413 antem
239 1363 269 1411 et
282 1353 421 1428 Aliphera
437 1364 466 1412 et
483 1352 576 1412 Tritia
597 1360 730 1410 νεόκτιστα
746 1355 773 1411 ei
790 1353 969 1425 videbantur,
984 1354 1072 1429 idque

123 1456 164 1528 τῷ
190 1457 242 1508 τῶν
268 1458 331 1507 νεῶν
358 1455 491 1528 καταλόγῳ
519 1453 716 1522 confirmabat,
740 1452 790 1509 ubi
818 1451 929 1510 mentio
956 1469 1016 1509 non
1040 1451 1072 1509 fit

123 1552 257 1611 istorum.
309 1549 412 1626 Itaque
444 1550 531 1607 istum
562 1567 619 1625 ego
651 1550 749 1608 locum
779 1548 901 1606 totidem
932 1549 1026 1607 verbis
1055 1567 1073 1606 a

123 1646 309 1707 Dicaearcho
332 1647 471 1706 transtuli.
515 1647 656 1705 Phliasios
678 1657 774 1704 autem
802 1646 859 1703 dici
887 1646 1022 1717 sciebam,
1044 1657 1073 1704 et

123 1744 227 1804 italae
240 1756 272 1803 ut
286 1745 410 1815 habeas;
432 1762 488 1803 nos
507 1745 626 1820 quidem
647 1742 689 1802 sic
708 1743 856 1801 habemus.
899 1742 958 1801 Sed
977 1745 1072 1819 primo

123 1860 176 1902 me
195 1843 318 1918 ἀναλογία
338 1843 498 1919 deceperat,
513 1848 614 1909 Φλιοῦς,
628 1842 729 1904 Ὀποῦς,
750 1847 849 1912 Statoris,
863 1841 944 1915 quod
963 1842 1072 1898 Ὀπούν-

123 1963 184 2013 τωι,
207 1940 358 1999 xenoduna.
401 1939 460 1999 Sed
480 1939 537 1998 hoc
559 1940 697 1998 continuo
718 1939 905 1998 correximus.
948 1957 975 2011 4.
997 1938 1072 1998 Lae-

123 2039 180 2099 tari
200 2047 230 2097 te
249 2047 349 2096 nostra
368 2038 568 2096 moderatione
590 2048 618 2096 et
640 2037 817 2095 continentia
837 2037 940 2095 video:
961 2047 1023 2095 tum
1042 2038 1072 2095 id

123 2136 222 2213 magis
242 2135 360 2207 laceres,
376 2137 400 2193 si
421 2136 548 2195 adesses.
590 2135 687 2212 Atque
709 2136 765 2194 hoc
788 2135 860 2205 foro,
875 2136 954 2210 quod
969 2136 1015 2211 egi
1035 2153 1072 2192 ex

123 2234 228 2295 Idibus
258 2233 421 2292 Februariis
448 2232 613 2292 Laodiceae
647 2235 685 2292 ad
717 2233 784 2290 Kal.
815 2232 909 2291 Maias
941 2234 1071 2292 omnium

124 2330 306 2395 dioecesium
319 2341 432 2408 praeter
447 2329 575 2401 Ciliciae,
590 2330 730 2389 mirabilia
744 2329 888 2407 quaedam
903 2331 1070 2389 effecimus:

123 2434 166 2493 ita
193 2428 302 2487 multae
329 2429 457 2488 civitates
484 2429 565 2486 omni
590 2447 656 2487 aere
679 2429 774 2487 alieno
798 2429 941 2500 liberatae,
963 2430 1070 2487 multae

123 2528 211 2591 valde
231 2525 343 2586 levatae
363 2535 446 2598 sunt;
467 2543 572 2584 omnes
594 2527 654 2584 suis
675 2527 786 2602 legibus
808 2537 836 2585 et
859 2529 971 2586 iudiciis
992 2546 1070 2597 usae,

122 2624 277 2698 amplo
289 2624 420 2699 adeptae,
435 2624 606 2682 revixerunt.
649 2623 705 2682 His
721 2643 776 2700 ego
791 2626 905 2683 duobus
919 2626 1072 2701 generibus

124 2724 293 2785 facultatem
308 2722 346 2779 ad
360 2738 392 2778 se
406 2739 471 2779 aere
487 2721 581 2780 alieno
595 2722 759 2780 liberandas
775 2733 823 2781 aut
838 2724 974 2781 levandas
989 2724 1071 2781 dedi:

124 2840 197 2892 uuo,
211 2820 289 2896 quod
303 2820 424 2877 omnino
446 2820 540 2877 nullus
560 2821 590 2877 in
608 2820 728 2894 imperio
748 2838 816 2878 meo
835 2832 967 2897 sumptus
981 2821 1072 2879 sactus

124 2918 323 2981 eat-nullum
348 2935 415 2975 cum
443 2918 519 2988 dic0,
543 2936 603 2976 non
628 2918 733 2994 loquor
754 2919 1072 2992 lamentans—nullus,

123 3021 255 3095 inquam,
269 3034 307 3074 ne
328 3016 474 3074 teruncius
489 3017 616 3091 quidem.
659 3015 725 3075 Hac
741 3027 837 3075 autem
855 3035 886 3074 re
907 3017 1073 3075 incredibile

124 3124 170 3177 est
202 3125 344 3192 quantum
375 3113 503 3172 civitates
538 3115 715 3173 emerserint.
759 3131 786 3189 5.
808 3116 941 3173 Accessit
974 3115 1071 3173 altera.

123 3212 204 3273 Mira
217 3221 299 3271 erant
319 3211 350 3269 in
363 3211 524 3271 civitatibus
547 3212 677 3289 ipsorum
697 3213 772 3270 furta
793 3212 982 3283 Graecorum,
997 3231 1072 3288 quae

124 3312 311 3387 magistratus
333 3311 377 3369 sui
397 3310 541 3370 fecerant:
564 3312 691 3388 quaesivi
713 3313 775 3387 ipse
797 3312 833 3369 de
855 3312 896 3380 iis,
919 3313 968 3387 qui
989 3313 1072 3370 annis

125 3410 230 3471 decem
239 3409 380 3489 proximis
394 3410 595 3488 magistratum
606 3426 757 3488 gesserant
764 3430 773 3487 ς
791 3421 889 3491 aperte
901 3406 1070 3471 fatebantur.
