2498 3840
563 215 601 264 nr.
628 213 747 262 rurrrr
768 207 959 263 crcnnorrrs'
1127 201 1234 286 [rant.

528 392 555 447 9.
597 388 653 446 AD
675 387 870 446 ATTICUM
892 389 932 447 II.
958 407 981 447 1
1042 407 1090 498 n

446 501 758 563 ScR.Ron1nrnrrus1r
780 503 864 561 luuro
886 522 969 562 nuc
992 505 1060 578 694.

601 619 704 660 creano
725 619 831 659 nrrrco
852 618 913 658 snr..

327 724 351 762 r.
373 704 450 763 Knr.
480 705 570 765 Iuniis
593 707 672 765 eunti
696 706 767 762 mihi
790 706 911 764 Antium
934 715 962 764 et
986 704 1161 785 gladiatores
1186 704 1229 764 M.

282 801 391 859 Metelli
406 801 510 876 cupide
522 801 694 878 relinquenti
705 805 782 862 venit
794 803 908 861 obviam
920 812 985 860 tuus
996 822 1084 878 puer:
1118 804 1142 861 is
1158 803 1231 861 mihi

281 899 387 958 litteras
413 901 464 957 abs
485 911 512 957 te
531 910 560 957 et
580 900 824 958 commentarium
846 899 1015 957 consulatus
1039 901 1096 957 mei
1115 899 1231 959 Graece

280 997 421 1072 scriptum
435 997 577 1068 reddidit;
600 998 630 1054 in
645 1014 704 1072 quo
720 996 841 1054 laetatus
864 1015 928 1054 sum
943 1015 983 1053 me
997 996 1145 1072 aliquanto
1162 1008 1231 1056 ante

281 1093 318 1151 de
332 1093 425 1151 isdem
438 1096 524 1152 rebus
540 1093 652 1152 Graece
671 1095 741 1151 item
761 1095 901 1168 scriptum
922 1094 1027 1151 librum
1042 1093 1075 1152 L.
1092 1093 1231 1154 Cossinio

280 1190 318 1248 ad
331 1201 359 1248 te
373 1191 581 1267 perferundum
596 1191 729 1248 dedisse:
752 1209 830 1259 narn,
846 1191 869 1248 si
885 1209 941 1265 ego
956 1199 1038 1248 tuum
1059 1202 1127 1249 ante
1141 1192 1230 1267 legis·

279 1306 350 1359 sem,
374 1288 498 1346 furatum
521 1307 568 1346 me
594 1289 646 1346 abs
668 1298 696 1346 te
718 1306 782 1345 esse
804 1288 921 1345 diceres.
965 1287 1154 1365 Quamquam
1179 1299 1231 1349 tua

278 1384 424 1460 illa-legi
444 1385 521 1442 enirn
543 1384 853 1442 libenter-horridula
875 1384 945 1441 mihi
971 1396 1057 1460 atque
1076 1386 1230 1463 incompta

278 1482 338 1539 visa
359 1491 434 1552 sunt,
450 1483 502 1540 sed
523 1491 623 1540 tamen
645 1491 727 1540 erant
748 1491 850 1540 ornata
870 1481 927 1540 hoc
948 1483 1022 1559 ips0,
1038 1484 1119 1558 quod
1140 1502 1228 1544 orna-

277 1590 376 1638 menta
397 1580 595 1656 neglexerant,
610 1590 646 1652 et,
661 1591 693 1638 ut
712 1581 852 1650 mulieres,
869 1581 935 1640 ideo
958 1583 1032 1639 bene
1056 1581 1143 1654 olere,
1159 1585 1229 1661 quia

277 1678 347 1735 nihil
382 1679 508 1748 olebant,
545 1678 722 1736 videbantur.
778 1677 864 1736 Meus
899 1689 996 1736 autern
1030 1679 1102 1737 liber
1131 1690 1226 1740 toturn

277 1775 397 1834 Isocrati
426 1775 638 1851 myrothecium
667 1786 753 1851 atque
788 1794 892 1834 omnes
926 1777 987 1835 eius
1015 1776 1226 1855 discipulorum

277 1874 388 1932 arculas
404 1892 514 1932 aenon
530 1873 599 1930 nihil
616 1874 702 1931 etiam
718 1874 883 1931 Aristotelia
899 1875 1049 1951 pigmenta
1063 1893 1224 1953 consump·

276 1973 328 2042 sit;
361 1989 448 2047 quem
471 1982 501 2030 tu
524 1971 678 2046 Corcyrae,
701 1981 732 2028 ut
755 1971 825 2028 mihi
850 1971 912 2028 aliis
935 1971 1034 2030 litteris
1064 1974 1222 2048 significas,

277 2069 397 2126 strictim
425 2069 551 2143 attigisti,
583 2078 650 2143 post
686 2079 790 2139 autem,
823 2077 854 2126 ut
883 2069 1012 2140 arbitror,
1036 2088 1054 2128 a
1084 2069 1223 2132 Cossinio

276 2167 432 2242 accepisti;
459 2185 546 2241 quem
566 2167 615 2224 tibi
637 2185 693 2242 ego
711 2185 773 2224 non
794 2185 889 2225 essem
911 2186 998 2226 ausus
1022 2169 1144 2242 mittere,
1166 2171 1223 2230 nisi

275 2284 343 2323 eum
362 2264 438 2322 lente
457 2284 492 2323 ac
511 2265 659 2322 fastidiose
677 2265 885 2340 probavissem.
931 2285 957 2324 a.
980 2265 1169 2343 Quamquam
1184 2271 1224 2328 ad

275 2382 323 2421 me
351 2364 464 2439 scripsit
492 2365 549 2421 iam
578 2363 686 2420 Rhodo
710 2362 885 2420 Posidonius
914 2381 954 2434 se,
984 2374 1117 2422 nostrum
1152 2367 1223 2426 illud

274 2463 405 2531 ὑπόμνημα
427 2480 488 2518 cum
511 2460 626 2536 legeret,
641 2460 721 2536 quod
746 2478 803 2534 ego
829 2460 866 2517 ad
889 2479 966 2531 eum,
983 2471 1014 2518 ut
1032 2463 1162 2523 ornatius
1183 2462 1222 2525 de

274 2559 367 2617 isdem
382 2560 467 2616 rebus
482 2559 626 2628 scriberet,
642 2558 786 2627 miseram,
802 2575 863 2614 non
878 2558 968 2616 modo
988 2577 1048 2616 non
1063 2561 1222 2621 excitatum

274 2675 338 2714 esse
352 2657 389 2714 ad
408 2655 601 2725 scribendum,
617 2656 668 2713 sed
690 2655 778 2712 etiarn
799 2654 884 2730 plane
907 2655 1096 2729 perterritum.
1140 2657 1223 2730 Quid

273 2755 410 2831 quaeris?
439 2753 608 2812 conturbavi
629 2750 775 2809 Graecam
797 2752 963 2810 nationem:
992 2753 1038 2822 ita,
1061 2754 1148 2830 volgo
1170 2758 1222 2832 qui

272 2852 418 2910 instabant
432 2861 464 2908 ut
479 2850 578 2907 darem
594 2850 647 2906 sibi
663 2848 743 2923 quod
764 2858 910 2919 ornarent,
925 2850 983 2906 iam
997 2850 1134 2909 exhibere
1149 2852 1222 2912 mihi

272 2950 435 3008 molestiam
450 2948 626 3005 destiterunt.
670 2947 727 3014 Tu,
744 2946 767 3004 si
782 2946 833 3003 tibi
849 2945 987 3020 placuerit
1008 2946 1087 3019 liber,
1104 2951 1221 3010 curabis

272 3058 304 3105 ut
317 3057 346 3105 et
359 3047 482 3104 Athenis
503 3046 539 3103 sit
558 3055 586 3104 et
607 3045 636 3102 in
658 3045 760 3103 ceteris
779 3044 895 3118 oppidis
916 3042 1077 3117 Graeciae3
1107 3046 1222 3106 videtur

272 3146 350 3203 enim
371 3163 459 3221 posse
480 3142 588 3220 aliquid
606 3143 710 3200 nostris
730 3142 816 3200 rebus
832 3141 904 3199 lucis
927 3141 1048 3200 adferre.
1092 3161 1119 3217 3.
1144 3142 1220 3204 Ora·

272 3242 413 3301 tiunculas
433 3253 530 3300 autem
545 3250 573 3300 et
587 3259 659 3317 quas
674 3241 804 3316 postulas
826 3249 854 3298 et
868 3239 965 3314 plures
986 3240 1073 3299 etiam
1094 3242 1219 3317 mittam,

270 3341 410 3416 quoniam
426 3339 543 3416 quidem
558 3357 600 3409 ea,
612 3356 687 3413 quae
698 3355 753 3395 nos
768 3337 919 3395 scribimus
934 3336 1220 3400 adulescentulorum

271 3439 372 3497 studiis
391 3438 514 3511 excitati,
529 3448 556 3497 te
576 3438 663 3495 etiam
683 3436 835 3495 delectant.
877 3435 943 3494 Fuit
960 3436 1038 3493 enim
1052 3435 1122 3495 mihi
1137 3454 1220 3499 com·
