2392 3848
120 176 181 242 268
395 189 434 242 u.
458 190 577 240 aurun
598 192 791 243 orounours
951 182 1021 264 [rm
1035 194 1065 244 ν.

117 339 173 397 tuis
194 339 295 398 officiis
315 356 376 398 non
393 341 494 398 videor
509 339 581 399 mihi
601 341 778 418 respondere
795 359 893 418 posse,
915 343 972 401 nisi
993 342 1067 401 forte

117 447 149 495 ut
161 447 193 495 tu
207 437 373 512 gravissime
388 438 630 513 disertissimeque
647 439 793 514 scripsisti,
809 440 849 497 ita
867 458 1006 498 sensurus
1025 458 1066 510 eS,

117 546 150 593 ut
164 553 211 592 me
225 533 328 592 referre
343 535 466 609 gratiam
480 547 573 612 putes,
585 554 652 593 cum
666 537 808 594 memoria
822 536 939 596 tenebo.
983 536 1015 596 Si
1030 537 1066 595 de

118 632 167 688 filii
180 632 220 689 tui
235 631 372 706 dignitate
394 641 469 689 esset
487 642 593 702 actum,
608 632 758 692 amabilius
779 642 856 692 certe
876 634 947 692 nihil
962 633 1066 707 facere,

118 731 269 806 potuisses.
312 729 426 786 Primae
446 739 514 787 tuae
536 730 694 789 sententiae
710 730 828 788 infinitis
849 749 918 789 cum
938 733 1067 790 muneri·

118 827 180 897 bus,
195 827 371 903 posteriores
388 827 425 885 ad
440 838 555 904 tempus
575 828 782 903 arbitriumque
800 829 963 887 amicorum
985 847 1066 887 meo·

117 944 181 983 rum
196 927 384 1000 compositae,
399 927 490 983 oratio
505 925 627 983 adsidua
645 933 674 983 et
688 936 829 1002 perpetua
847 926 884 984 de
901 945 959 998 me,
975 928 1067 1003 iurgia

118 1042 185 1083 cum
200 1024 439 1082 obtrectatoribus
453 1033 571 1098 propter
584 1041 632 1081 me
646 1023 797 1081 notissima
810 1024 880 1081 mihi
896 1032 982 1096 sunt;
1004 1043 1065 1083 non

118 1121 273 1179 mediocris
298 1118 463 1178 adhibenda
484 1120 555 1176 mihi
581 1132 624 1178 est
646 1137 721 1188 cura,
743 1130 776 1178 ut
798 1121 839 1178 rei
863 1121 996 1196 publicae
1018 1140 1065 1180 me

119 1222 211 1278 civem
239 1218 360 1293 dignum
389 1218 443 1274 tuis
471 1217 606 1275 laudibus
634 1226 787 1292 praestem,
812 1218 842 1274 in
870 1219 998 1277 amicitia
1025 1220 1065 1278 tui

118 1335 278 1374 memorem
314 1325 399 1390 atque
434 1325 556 1390 gratum.
599 1315 689 1386 Quod
722 1315 866 1390 reliquum
900 1325 953 1386 est,
983 1327 1065 1375 tuum

118 1432 225 1472 munus
244 1423 323 1470 tuere
345 1423 374 1471 et
392 1431 448 1482 me,
464 1413 496 1482 si,
511 1431 598 1489 quem
620 1430 683 1470 esse
698 1411 819 1483 voluisti,
834 1430 901 1470 eum
923 1415 1003 1472 exitu
1021 1432 1066 1473 re·

120 1515 230 1588 busque
252 1510 416 1586 cognoscis,
434 1509 558 1568 defende
578 1528 612 1568 ac
633 1509 756 1584 suscipe.
801 1529 827 1567 a.
848 1509 925 1568 Cum
945 1511 1065 1572 Rhoda·

119 1628 189 1666 num
218 1609 318 1684 copias
343 1609 518 1665 traiecissem
542 1589 716 1683 fratremque
742 1625 809 1664 cum
833 1607 924 1666 tribus
948 1609 1065 1668 milibus

119 1709 250 1782 equitum
264 1705 487 1781 praemisissem,
503 1704 565 1778 ipse
579 1705 632 1762 iter
646 1704 683 1761 ad
697 1702 843 1761 Mutinam
857 1705 1021 1781 dirigerem,
1036 1708 1066 1764 in

119 1807 220 1862 itinere
246 1805 283 1862 de
307 1803 418 1878 proelio
442 1802 518 1860 facto
541 1801 690 1876 Brutoque
719 1811 748 1858 et
770 1801 884 1860 Mutina
911 1804 1066 1866 obsidione

119 1903 245 1960 liberatis
263 1901 375 1959 audivi:
398 1899 585 1957 animadverti
602 1899 713 1956 nullum
734 1900 822 1958 alium
839 1912 990 1976 receptum
1004 1901 1066 1959 Au·

120 2003 232 2059 tonium
253 1999 453 2074 reliquiasque,
468 2014 542 2074 quae
563 2015 631 2055 cum
652 2015 688 2055 eo
709 2008 815 2069 essent,
830 1998 937 2058 habere
959 1999 1016 2057 nisi
1035 1999 1066 2057 in

120 2101 164 2158 his
178 2099 313 2174 partibus,
329 2097 458 2172 duasque
473 2095 499 2151 ei
513 2112 580 2170 spes
594 2113 658 2153 esse
672 2095 846 2170 propositas,
857 2114 946 2154 unam
961 2094 1066 2171 Lepidi

121 2198 218 2272 ipsius
233 2195 351 2252 alteram
373 2194 522 2251 exercitus.
564 2191 654 2262 Quod
673 2192 817 2267 quaedam
836 2211 903 2268 pars
922 2194 1066 2251 exercitus

120 2311 180 2351 non
203 2293 299 2349 minus
321 2290 429 2348 furiosa
451 2299 494 2348 est
516 2307 604 2364 quam
625 2289 675 2364 qui
698 2308 765 2347 cum
785 2289 917 2349 Antonio
939 2289 1065 2361 fuerunt,

120 2391 277 2467 equitatum
305 2388 456 2454 revocavi;
491 2388 553 2462 ipse
586 2387 617 2443 in
644 2386 852 2461 Allobrogibus
880 2386 1005 2455 constiti,
1035 2397 1067 2445 ut

121 2487 242 2564 proinde
258 2485 295 2543 ad
308 2484 407 2542 omnia
420 2492 537 2558 paratus
554 2502 648 2542 essem
668 2501 702 2541 ae
720 2501 767 2540 res
785 2501 832 2540 me
849 2493 990 2542 moneret.
1035 2483 1066 2542 Si

121 2585 216 2642 nudus
231 2583 287 2640 huc
302 2601 333 2640 se
348 2582 493 2638 Antonius
513 2580 633 2649 confert,
648 2579 730 2637 facile
750 2580 820 2637 mihi
835 2580 935 2638 videor
950 2599 1003 2656 per
1017 2600 1066 2640 me

121 2684 260 2741 sustinere
275 2697 362 2756 posse
381 2697 500 2754 remque
518 2678 665 2753 publicam
685 2695 722 2734 ex
736 2687 830 2736 vestra
851 2681 994 2737 sententia
1015 2680 1066 2738 ad·

121 2781 291 2848 ministrare,
305 2776 436 2852 quamvis
450 2777 487 2832 ab
504 2775 631 2833 exercitu
645 2773 748 2849 Lepidi
766 2775 935 2849 recipiatur;
957 2777 981 2834 si
996 2794 1066 2836 vero

122 2878 271 2953 copiarum
292 2873 399 2950 aliquid
419 2890 519 2931 secum
540 2871 665 2930 adducet
682 2871 749 2929 etsi
770 2871 883 2930 decima
896 2872 974 2948 legio
987 2885 1065 2932 vete-

121 2994 200 3046 rana,
223 2991 297 3050 quae
325 2983 424 3030 nostra
451 2988 541 3045 opera
554 2979 689 3027 revocata
717 2987 784 3026 cum
807 2969 923 3045 reliquis
950 2981 1003 3042 est,
1027 2973 1065 3030 ad

122 3074 247 3130 eundem
268 3070 395 3128 furorem
415 3068 537 3138 redierit,
554 3076 661 3130 tamen,
676 3084 714 3122 ne
734 3065 803 3141 quid
825 3066 988 3126 detrimenti
1006 3069 1064 3140 fiat,

122 3170 235 3228 dabitur
256 3186 346 3243 opera
366 3185 383 3224 a
404 3184 459 3235 me,
474 3166 560 3240 idque
582 3181 629 3221 me
648 3172 858 3237 praestaturum
880 3181 975 3239 spero,
994 3165 1064 3223 dum

123 3263 206 3320 istinc
228 3263 329 3337 copiae
350 3261 523 3320 traiiciantur
540 3260 769 3335 coniunctaeque
783 3261 937 3319 nobiscum
953 3263 1063 3324 facilius

123 3360 250 3436 perditos
274 3360 448 3436 opprimant.
504 3378 529 3424 a
551 3357 619 3412 Hoc
641 3357 690 3414 tibi
720 3358 860 3416 spondeo.
885 3360 926 3417 “ri
948 3360 1061 3437 Cicero,
