2392 3848
107 204 150 271 ng
164 184 224 279 90,]
312 200 426 251 orror.
447 198 498 249 AD
519 198 743 248 mmmmm
763 201 810 254 ιν.
831 202 863 266 4
985 204 1046 272 193

106 358 193 421 Haec
219 358 272 419 tibi
297 368 384 418 autea
406 374 467 417 non
494 357 635 432 rescripsi,
657 374 719 415 nou
743 374 803 432 quo
828 365 955 415 cessator
982 374 1048 414 esse

106 457 239 530 solerem,
259 456 427 535 praesertim
447 456 479 514 in
500 456 608 527 litteris,
630 455 692 524 sed,
716 473 784 514 cum
811 454 952 530 explorati
979 452 1049 511 nihil

105 554 254 622 haberem,
270 573 325 614 nec
342 554 395 613 tibi
413 553 636 613 sollicitudinem
655 572 691 612 ex
710 554 890 612 dubitatione
909 570 976 610 mea
994 570 1049 610 nec

105 672 192 733 spem
213 672 252 713 ex
279 653 480 712 adfirmatione
507 651 619 710 adferre
641 651 728 709 volui.
770 650 845 709 Illud
872 660 971 708 tamen
998 651 1050 708 ad·

105 752 243 824 scribam,
257 751 337 827 quod
356 761 400 809 est
418 749 606 819 verissimum,
620 767 668 806 me
689 749 734 807 his
755 749 934 824 temporibus
954 748 1050 806 adhuc

105 848 145 911 de
162 850 221 909 isto
240 848 368 926 periculo
383 848 454 905 nihil
473 848 605 906 audisse:
627 857 658 904 tu
676 857 776 904 tamen
794 864 849 922 pro
866 855 917 904 tua
935 847 1050 920 sapien-

105 948 147 1009 tia
179 947 300 1007 debebis
326 957 428 1023 optare
457 945 579 1022 optima,
607 945 736 1019 cogitare
770 944 944 1016 difficillima,
976 943 1051 1003 ferre

105 1063 310 1125 quaecumque
323 1054 415 1104 erunt.

313 1204 361 1259 90.
402 1198 460 1258 An
480 1196 731 1257 ruurtmnas
753 1197 807 1258 1v.
828 1217 856 1272 4.

157 1315 226 1379 Sca.
248 1314 357 1376 Roma
376 1331 510 1374 nxnunrn
531 1331 625 1372 unusn
646 1313 812 1372 Sarranum
832 1332 915 1374 nuc.
939 1329 954 1390 7
979 1316 1007 1373 8.

336 1439 367 1480 ru.
388 1437 492 1480 cronno
511 1437 534 1477 s.
556 1438 584 1478 n.
605 1437 667 1478 san.
687 1438 824 1481 surrrcm.

153 1552 180 1597 ι.
200 1536 321 1597 Accnuo
334 1535 551 1594 excusationem
565 1544 652 1606 tuam,
665 1553 722 1610 qua
736 1554 805 1594 usus
820 1554 860 1605 es,
872 1553 922 1593 cur
937 1536 1052 1611 saepius

105 1634 149 1697 ad
174 1652 224 1695 me
250 1634 356 1692 litteras
384 1650 445 1690 uno
470 1633 605 1708 exemplo
633 1634 772 1705 dedisses,
798 1633 850 1692 sed
878 1634 991 1708 accipio
1015 1651 1052 1691 ex

105 1750 146 1794 ea
165 1739 256 1809 parte,
277 1741 419 1808 quatenus
444 1739 494 1787 aut
514 1729 697 1806 neglegentia
721 1741 770 1789 aut
794 1732 978 1809 improbitate
1002 1749 1052 1789 eo-

106 1848 185 1902 rum,
211 1829 263 1907 qui
289 1829 427 1905 epistolas
454 1827 606 1902 accipiant,
635 1828 695 1886 fieri
728 1831 829 1887 scribis
861 1847 899 1888 ne
928 1829 966 1886 ad
996 1847 1052 1886 nos

106 1927 308 2007 perferantur:
337 1926 415 1984 illam
443 1936 555 2002 partem
583 1928 785 1997 excusationis,
811 1946 869 2003 qua
896 1935 924 1984 te
953 1927 1053 1986 scribis

106 2026 249 2089 orationis
273 2025 532 2102 paupertate—sic
558 2025 636 2083 enim
664 2026 935 2102 appellas-isdem
958 2026 1053 2084 verbis

106 2124 249 2203 epistolas
268 2123 382 2197 saepius
402 2122 524 2193 mittere,
544 2140 600 2180 nec
619 2141 711 2181 nosco
730 2142 785 2183 nec
804 2125 919 2199 probo;
948 2134 977 2182 et
996 2141 1054 2198 ego

106 2224 182 2300 ipse,
203 2238 292 2297 quem
318 2229 350 2278 tu
377 2237 429 2295 per
456 2220 645 2280 iocum—sic
674 2223 752 2280 enim
780 2222 1054 2297 accipio-divitias

107 2318 252 2381 orationis
269 2317 376 2375 habere
393 2317 474 2387 dicis,
492 2336 540 2375 me
559 2337 620 2377 non
638 2337 703 2378 esse
723 2319 874 2378 verborum
894 2319 1055 2378 admodum

107 2420 232 2495 inopem
259 2432 407 2490 agnosco:
441 2417 620 2489 εἰρωνεύεσθαι
647 2417 726 2474 enim
753 2435 815 2475 non
843 2436 963 2476 necesse
991 2425 1054 2476 est:

108 2515 166 2577 sed
183 2522 283 2573 tamen
303 2513 476 2574 idem-nec
494 2513 551 2572 hoc
570 2516 883 2587 εἰρωνευόμενος-ῐαείἰε
903 2517 977 2574 cedo
993 2527 1055 2575 tuo-

107 2630 177 2672 rum
205 2611 379 2686 scriptorum
404 2610 551 2669 subtilitati
575 2621 605 2670 et
632 2612 801 2688 elegantiae.
845 2633 871 2671 a.
894 2612 1056 2672 Consilium

108 2717 205 2778 tuum,
219 2723 279 2781 quo
298 2716 326 2765 te
344 2724 431 2764 usum
450 2708 551 2766 scribis
570 2708 627 2766 hoc
642 2708 804 2768 Achaicum
825 2711 975 2785 negotium
994 2728 1055 2768 non

108 2804 299 2874 recusavisse,
321 2820 389 2861 cum
409 2821 524 2880 semper
542 2807 749 2881 probavissem,
771 2815 832 2865 tum
852 2807 943 2865 multo
962 2808 1056 2881 magis

108 2900 235 2981 probavi
250 2900 330 2958 lectis
349 2901 406 2959 tuis
424 2902 563 2978 proximis
583 2902 680 2962 litteris
690 2924 698 2976 ;
720 2922 823 2963 omnes
844 2904 923 2961 enim
943 2921 1056 2973 causae,

108 3016 187 3078 quas
210 3014 433 3068 commemoras,
456 2998 628 3058 iustissimae
653 3011 720 3060 sunt
746 3012 853 3077 tuaque
878 3011 907 3060 et
935 3002 1056 3059 auctori·

107 3106 172 3159 tate
186 3104 216 3154 et
231 3095 384 3171 prudentia
401 3094 596 3170 dignissimae.
639 3095 729 3168 Quod
747 3099 827 3156 aliter
842 3098 981 3156 cecidisse
995 3116 1057 3157 rem

106 3189 262 3251 existimas
281 3198 367 3266 atque
389 3189 524 3264 opinatus
545 3190 592 3259 sis,
612 3191 642 3248 id
663 3192 713 3248 tibi
736 3192 813 3249 nullo
838 3192 929 3250 modo
951 3191 1056 3250 adsen-

107 3288 169 3347 tior
175 3304 186 3359 3
215 3285 269 3344 sed
291 3286 359 3363 quia
383 3296 464 3344 tanta
486 3288 661 3362 perturbatio
681 3299 710 3346 et
733 3288 866 3347 confusio
888 3300 932 3348 est
952 3308 1056 3360 rerum,

106 3386 154 3447 ita
176 3384 310 3462 perculsa
333 3396 362 3445 et
386 3393 527 3462 prostrata
547 3383 716 3445 foedissimo
738 3386 813 3446 bello
835 3388 929 3447 iacent
949 3389 1057 3460 omnia,

576 3500 594 3544 0
