2498 3840
165 215 208 285 up.
222 206 282 290 sn]
336 215 453 269 131²]er
471 217 521 267 AB
542 218 765 268 summanus
790 207 868 272 viu.
894 205 944 272 16.
1044 192 1108 294 '163

163 376 418 436 intercessionibus
436 377 522 453 plane
540 378 675 436 incitatus
694 386 753 450 est,
775 396 836 436 uon
854 376 1034 436 mehercules
1055 378 1109 436 erit

162 476 363 552 deprecationi
377 475 467 535 locus.
511 495 537 535 2.
560 475 627 547 Qua
646 494 676 533 re
698 477 723 534 si
741 477 793 534 tibi
806 485 846 548 tu,
862 477 886 535 si
905 476 980 534 filius
993 477 1107 547 unicuS,

161 575 184 632 si
198 574 317 644 domus,
332 574 356 632 si
375 591 443 648 spes
461 583 527 631 tuae
546 573 673 649 reliquae
693 573 744 631 tibi
763 592 846 632 carae
866 584 941 645 suut,
956 574 980 632 si
999 573 1107 648 aliquid

160 672 239 748 apud
258 681 289 729 te
310 688 373 741 nos
388 671 412 729 si
427 671 468 728 vir
483 673 621 748 optimus
635 689 726 747 gener
739 679 813 742 tuus,
828 672 966 743 valemus,
981 688 1108 747 quorum

160 770 309 828 fortunam
333 786 394 826 non
422 767 512 827 debes
533 767 604 825 velle
632 769 813 838 conturbare,
834 777 867 826 ut
887 786 953 826 eam
978 786 1106 839 causam,

159 867 188 924 in
210 867 296 925 cuius
316 865 434 923 victoria
458 864 535 923 salus
556 874 656 924 nostra
676 875 728 937 est,
750 867 847 925 odisse
871 875 920 924 aut
943 866 1106 943 relinquere

158 981 303 1040 cogamur
329 973 379 1021 aut
405 962 524 1038 impiam
548 963 735 1037 cupiditatem
758 972 860 1023 contra
882 962 1004 1022 salutem
1025 973 1107 1022 tuam

158 1061 328 1120 habeamus.
370 1059 505 1136 Denique
527 1060 598 1119 illud
621 1060 737 1135 cogita:
767 1061 848 1136 quod
869 1061 1001 1120 offensae
1021 1061 1107 1119 fuerit

158 1160 188 1216 in
206 1161 264 1217 ista
284 1158 477 1227 cunctatione,
492 1167 520 1215 te
542 1158 654 1216 subisse
664 1177 672 1229 ;
698 1176 777 1216 nunc
798 1169 826 1216 te
845 1168 947 1217 contra
965 1160 1105 1218 victorem

157 1255 318 1315 Caesarem
339 1254 441 1325 lacere,
464 1273 552 1331 quem
573 1255 668 1313 dubiis
687 1257 775 1314 rebus
796 1256 909 1314 laedere
931 1256 1057 1327 noluisti,
1076 1266 1106 1314 et

158 1356 196 1414 ad
214 1373 268 1413 eos
288 1353 405 1429 fugatos
424 1352 570 1423 accedere,
586 1371 660 1428 quos
679 1354 845 1412 resistentes
865 1354 946 1431 sequi
967 1353 1103 1425 nolueris,

157 1471 293 1511 summae
317 1450 451 1509 stultitiae
475 1459 527 1508 est.
568 1449 644 1507 Vide
667 1468 714 1521 ne,
739 1450 809 1509 dum
834 1451 926 1526 pudet
949 1461 978 1510 te
999 1469 1105 1528 parum

157 1552 331 1627 optimatem
366 1567 439 1618 esse,
466 1566 570 1624 parurn
599 1548 759 1624 diligenter,
787 1549 857 1624 quid
885 1550 1028 1625 optimum
1059 1551 1104 1622 sit,

157 1649 256 1725 eligas.
302 1666 329 1722 3.
351 1646 442 1717 Quod
462 1645 487 1704 si
507 1654 601 1703 totum
622 1647 673 1703 tibi
693 1647 868 1722 persuadere
889 1664 952 1704 non
972 1666 1103 1723 possum,

157 1743 271 1813 saltem,
287 1741 367 1812 dum,
383 1739 453 1818 quid
472 1739 509 1798 de
524 1737 676 1815 Hispaniis
691 1758 822 1815 agamus,
838 1742 933 1813 scitur,
948 1753 1102 1817 exspecta3

157 1859 232 1917 quas
252 1840 306 1897 tibi
326 1839 428 1896 nuntio
449 1837 575 1897 adventu
598 1835 731 1896 Caesaris
754 1837 816 1897 sore
839 1849 961 1898 nostras,
1004 1839 1103 1911 Quam

157 1941 204 1998 isti
223 1956 310 2015 spem
331 1937 456 1994 habeant
473 1935 586 1993 amissis
601 1935 761 2011 Hispaniis,
776 1938 896 2010 nesci03
919 1937 997 2014 quod
1014 1955 1103 2013 porro

156 2047 240 2095 tuum
262 2035 417 2095 consilium
438 2035 474 2092 sit
494 2035 533 2093 ad
553 2033 722 2110 desperatos
741 2035 888 2107 accedere,
906 2053 968 2094 non
988 2035 1103 2096 medius

157 2135 243 2192 fidius
257 2134 380 2209 reperio.
422 2153 450 2203 4.
473 2131 551 2203 Hoc,
566 2132 646 2209 quod
661 2143 693 2190 tu
706 2150 768 2190 non
783 2133 909 2192 diceudo
923 2133 993 2190 mihi
1012 2134 1102 2209 signi·

156 2232 257 2303 ficasti,
272 2229 383 2289 Caesar
400 2231 529 2289 audierat
547 2248 590 2300 ac,
611 2230 783 2307 simulatque
804 2231 910 2290 ‘have'
931 2230 1003 2289 mihi
1021 2232 1102 2306 dixit,

155 2331 263 2400 statim,
286 2328 356 2405 quid
377 2329 414 2387 de
435 2338 463 2386 te
485 2328 620 2399 audisset,
641 2329 791 2403 exposuit:
816 2329 920 2404 negavi
941 2347 989 2387 me
1011 2330 1100 2402 scire;

156 2428 208 2486 sed
230 2437 331 2486 tamen
351 2426 389 2483 ab
409 2443 445 2484 eo
466 2425 535 2503 petii
555 2435 587 2483 ut
606 2425 644 2484 ad
664 2435 694 2483 te
714 2425 821 2484 litteras
841 2427 974 2496 mitteret,
993 2429 1100 2503 quibus

155 2526 284 2584 maxime
298 2523 336 2583 ad
352 2524 562 2582 remanendum
583 2524 760 2582 commoveri
774 2541 887 2598 posses.
929 2523 981 2583 Me
1000 2543 1101 2584 secum

154 2626 184 2683 in
207 2622 385 2698 Hispaniam
411 2621 505 2693 ducit3
536 2639 613 2691 nam,
638 2621 693 2679 nisi
721 2621 760 2681 ita
784 2620 899 2694 iaceret,
924 2641 982 2699 ego
1009 2624 1099 2700 prius,

153 2741 245 2801 quam
272 2721 311 2778 ad
337 2721 440 2778 urbem
472 2719 649 2790 accederem,
679 2721 854 2796 ubicumque
887 2740 976 2793 esses,
1005 2723 1043 2781 ad
1070 2733 1101 2782 te

152 2820 362 2898 percurrissem
386 2827 415 2876 et
436 2817 493 2876 hoc
516 2808 586 2876 ate
608 2836 747 2895 praesens
771 2820 988 2879 contendissem
1011 2831 1099 2897 atque

151 2919 236 2978 omni
255 2917 284 2974 vi
304 2928 333 2974 te
352 2916 544 2974 retinuissem.
586 2930 613 2988 5.
633 2916 730 2974 Etiam
754 2926 841 2992 atque
863 2919 959 2989 etiam,
983 2917 1098 2990 Cicero,

150 3017 259 3093 cogita,
274 3033 311 3072 ne
325 3023 353 3071 te
367 3023 491 3089 tuosque
505 3031 609 3071 ornnes
623 3012 751 3072 funditus
766 3024 885 3087 evertas,
900 3034 938 3073 ue
953 3025 982 3073 te
1000 3016 1098 3076 sciens

149 3115 339 3194 prudensque
358 3130 395 3170 eo
415 3112 558 3185 demittas,
572 3113 651 3171 unde
670 3113 779 3172 exitum
793 3114 873 3173 vides
892 3115 1003 3173 nullum
1023 3134 1098 3176 esse.

150 3211 244 3285 Quod
269 3212 293 3269 si
316 3219 345 3268 te
367 3220 416 3268 aut
436 3228 522 3269 voces
547 3211 730 3287 optimatium
753 3222 937 3271 commovent
961 3222 1011 3272 aut
1034 3231 1097 3272 non

147 3311 297 3371 nullorum
314 3307 467 3366 hominum
485 3308 670 3367 insolentiam
689 3319 718 3368 et
738 3310 922 3368 iactationem
941 3311 1015 3370 ferre
1034 3330 1096 3372 non

148 3422 241 3489 potes,
269 3407 359 3484 eligas
381 3425 489 3467 censeo
513 3408 632 3489 aliquod
654 3409 798 3487 oppidum
820 3427 943 3471 vacuum
965 3429 984 3472 a
1006 3411 1093 3486 bello,

593 3522 618 3567 rt
634 3521 651 3566 2
