2392 3848
120 221 163 283 up.
179 198 229 291 ιε]
321 213 433 265 aaran.
453 214 502 261 an
526 211 647 275 Qnrnr.
667 210 773 262 naar.
794 212 817 261 r.
836 215 865 263 2.
1016 213 1059 282 39

121 375 336 433 comburantur.
377 370 438 428 Eae
456 369 563 428 litterae
584 370 636 427 abs
657 378 685 427 te
706 387 758 444 per
778 368 875 425 iocum
897 359 1060 425 missaead

122 472 156 531 C.
171 471 303 539 Fabium,
318 470 342 527 si
361 469 451 526 modo
471 478 536 525 sunt
558 477 631 536 tuae,
647 484 714 525 cum
735 467 875 541 leguntur,
890 467 1061 523 invidiosam

122 569 300 628 atrocitatem
316 567 469 624 verborum
488 565 615 635 habent3
638 576 664 636 7.
680 581 722 632 ac,
739 565 763 621 si
782 564 913 621 omnium
932 579 1063 619 mearum

122 676 277 745 praecepta
301 664 456 722 litterarum
482 670 604 736 repetes,
624 661 772 735 intelleges
797 678 861 718 esse
881 660 950 717 nihil
975 679 993 717 a
1016 678 1064 718 me

124 765 180 822 nisi
198 763 335 821 orationis
354 761 539 818 acerbitatem
556 770 584 816 et
600 758 778 816 iracundiam
799 767 835 827 et,
854 758 878 815 si
898 758 980 827 forte,
1000 776 1066 816 raro

123 862 280 919 litterarum
305 859 458 917 missarum
482 857 689 930 indiligentiam
714 855 935 930 reprehensam
961 856 1066 930 q'uibus

124 958 243 1035 quidem
258 958 288 1014 in
302 958 389 1014 rebus
403 956 426 1013 si
441 953 519 1029 apud
533 964 560 1011 te
575 955 640 1029 plus
654 954 809 1011 auctoritas
827 971 892 1009 mea
910 971 997 1028 quam
1017 964 1067 1011 tua

126 1058 185 1115 sive
200 1065 301 1112 natura
315 1052 402 1128 paulo
417 1052 509 1110 acrior
522 1051 581 1109 sive
596 1051 740 1126 quaedam
760 1049 882 1128 dulcedo
897 1050 1067 1107 iracundiae
1123 1064 1130 1120 ,·

127 1154 187 1212 sive
209 1151 324 1210 dicendi
345 1150 387 1208 sal
408 1148 584 1224 facetiaeque
605 1149 768 1216 valuissent,
791 1147 861 1204 nihil
886 1164 956 1205 sane
972 1158 1067 1216 esset,

128 1249 208 1328 quod
222 1266 277 1306 nos
291 1247 460 1323 poeniteret.
494 1243 532 1302 Et
547 1245 683 1303 mediocri
698 1264 745 1302 me
760 1245 859 1303 dolore
874 1255 958 1320 putas
974 1245 1068 1315 adfici,

127 1366 196 1407 eum
221 1346 345 1412 audiam,
367 1361 426 1418 qua
451 1343 487 1400 sit
510 1343 720 1399 existimatione
742 1342 893 1417 Vergilius,
918 1348 975 1418 qua
1002 1353 1069 1401 tuus

128 1442 239 1498 vicinus
260 1438 294 1497 C.
313 1436 469 1496 Octavius?
491 1453 560 1492 nam
581 1436 606 1494 si
627 1444 655 1492 te
676 1436 858 1493 interioribus
879 1437 980 1494 vicinis
1005 1438 1068 1507 tuis,

130 1537 274 1596 Ciliciensi
285 1545 314 1593 et
325 1534 453 1609 Syriaco,
464 1535 626 1607 anteponis,
637 1532 718 1590 valde
729 1551 868 1607 magnum
880 1533 950 1591 facis
961 1537 967 1590 l
983 1543 1069 1609 atque

130 1639 154 1694 is
169 1635 251 1694 dolor
265 1643 317 1702 est,
327 1631 407 1707 quod
421 1648 488 1687 cum
502 1631 530 1699 ii,
540 1646 613 1705 quos
627 1630 783 1698 nominavi,
795 1642 822 1686 te
834 1631 999 1688 innocentia
1010 1649 1071 1688 non

131 1736 256 1802 vincant,
268 1731 388 1787 vincunt
402 1739 500 1786 tamen
515 1726 635 1783 artificio
649 1726 866 1784 benevolentiae
881 1728 1070 1803 colligendae,

131 1833 182 1907 qui
197 1846 292 1904 neque
303 1825 411 1902 Cyrum
423 1823 629 1898 Xenophontis
640 1841 734 1899 neque
744 1824 912 1898 Agesilaum
924 1826 1072 1896 noverint;

133 1945 258 2005 quorum
280 1942 382 1999 regum
404 1940 519 1980 summo
541 1922 661 1997 imperio
683 1938 771 1978 nemo
793 1939 933 1998 umquam
954 1924 1074 1980 verbum

134 2027 224 2086 ullum
239 2023 367 2100 asperius
381 2020 498 2079 audivit.

175 2123 231 2181 III.
254 2124 280 2178 8.
304 2119 363 2177 Sed
377 2119 448 2176 haec
468 2136 486 2174 a
504 2118 645 2194 principio
665 2117 715 2175 tibi
734 2118 916 2193 praecipiens
934 2130 1075 2195 quantum

134 2219 316 2298 profecerim,
336 2234 395 2273 non
415 2216 535 2289 ignoro:
558 2234 637 2274 nunc
657 2224 757 2273 tamen
776 2216 929 2287 decedens,
949 2217 978 2275 id
996 2216 1076 2293 quod

135 2318 206 2377 mihi
221 2317 280 2374 iam
295 2314 390 2371 facere
406 2313 518 2382 videris,
534 2313 663 2388 relinque
677 2331 787 2386 quaeso
803 2330 891 2387 quarn
906 2312 1077 2373 iucundissi-

135 2434 216 2475 mam
234 2413 405 2471 memoriam
428 2411 477 2467 tui.
521 2409 728 2469 Successorem
750 2411 840 2469 habes
864 2413 1054 2487 perblandum
1066 2431 1075 2484 ;

136 2524 233 2572 cetera
255 2510 337 2566 valde
362 2508 436 2565 illius
461 2507 585 2565 adventu
611 2518 660 2565 tua
684 2510 872 2583 requirentur.
916 2510 951 2567 In
980 2511 1078 2569 litteris

138 2607 294 2676 mittendis
316 2611 349 2662 ut
367 2623 454 2681 saepe
476 2605 514 2662 ad
535 2614 562 2661 te
582 2606 692 2679 scripsi,
712 2606 834 2662 nimium
852 2616 880 2664 te
902 2608 1079 2665 exorabilem

139 2704 311 2784 praebuisti:
333 2702 400 2760 tolle
414 2720 526 2770 omnes,
542 2702 565 2759 si
585 2713 678 2779 potes,
693 2703 814 2777 iniquas,
832 2703 899 2761 tolle
921 2705 1078 2775 inusitatas

140 2802 210 2862 tolle
239 2800 406 2859 contrarias.
452 2798 559 2856 Statius
588 2800 658 2856 mibi
687 2801 810 2858 narravit
839 2803 959 2876 scriptas
988 2801 1025 2860 ad
1053 2813 1081 2859 te

141 2898 234 2956 solere
261 2895 373 2966 adferri,
402 2897 438 2952 ab
467 2913 498 2953 se
525 2896 592 2970 legi,
620 2906 656 2966 et,
680 2897 703 2954 si
732 2898 847 2972 iniquae
876 2900 941 2969 sint,
964 2899 1025 2956 fieri
1053 2910 1083 2957 te

143 2995 311 3062 certiorem;
334 3003 489 3068 antequam
513 3011 581 3050 vero
610 2994 671 3069 ipse
700 2995 737 3051 ad
765 3005 792 3052 te
817 2996 948 3065 venisset,
972 2997 1084 3056 nullum

144 3091 288 3152 delectum
298 3089 454 3147 litterarum
466 3089 570 3161 fuisse;
585 3109 621 3149 ex
633 3108 668 3148 eo
680 3109 745 3150 esse
756 3092 903 3149 volumina
914 3093 1085 3154 selectarum

143 3189 340 3266 epistolarum,
352 3205 426 3264 quae
442 3189 612 3263 reprehendi
626 3191 759 3248 solerent.
801 3211 827 3265 9.
849 3191 918 3250 Hoc
931 3193 1085 3270 degenere

144 3285 216 3346 nihil
230 3296 258 3343 te
272 3303 350 3343 nunc
360 3286 477 3360 quidem
491 3304 619 3359 moneo;
637 3305 702 3345 sero
716 3301 759 3346 est
774 3291 859 3359 enim,
869 3307 903 3348 ac
918 3293 990 3350 scire
1001 3305 1086 3368 potes
1152 3286 1163 3295 ’
1179 3346 1183 3357 ,

145 3383 236 3442 multa
250 3400 297 3442 me
311 3383 387 3441 varie
402 3383 608 3460 diligenterque
622 3387 787 3445 monuisse:
810 3386 879 3446 illud
893 3397 998 3462 tamen,
1008 3391 1088 3466 quod
1108 3374 1188 3468 ,uf

1100 3478 1114 3534 q
1132 3490 1137 3495 .
