2392 3848
121 182 236 273 apae]
353 196 464 250 rrrsr.
486 196 536 245 an
556 196 719 246 arrrovrr
740 198 789 248 ιν.
816 203 843 251 1.
1026 195 1069 267 55

122 355 241 425 timent,
255 353 381 430 impulsu
396 352 490 412 Clodii
507 372 573 411 mea
592 371 682 429 opera
701 352 836 412 frumenti
855 352 984 429 inopiam
1005 372 1069 412 esse

122 452 294 523 clamarent,
308 469 377 512 cum
393 470 446 528 per
459 469 511 509 eos
526 452 588 510 dies
603 461 719 510 senatus
736 453 772 510 de
786 469 904 510 annona
917 451 1072 510 haberetur

122 558 157 609 et
166 548 207 608 ad
217 549 279 607 eius
289 549 524 625 procurationem
536 566 669 606 sermone
680 567 742 606 non
753 549 848 606 solum
859 548 960 624 plebis,
971 567 1071 607 verum

123 646 216 705 etiam
236 647 382 704 bonorum
403 646 560 722 Pompeius
580 655 731 704 vocaretur
751 647 838 722 idque
859 646 922 721 ipse
945 657 1072 721 cuperet,

125 743 340 821 multitudoque
359 762 377 802 a
395 761 443 801 me
462 743 644 813 nominatim,
659 753 691 801 ut
711 743 740 800 id
761 743 958 813 decernerem,
973 753 1073 819 postu-

125 840 208 913 laret,
230 841 285 899 t'eci
308 850 338 899 et
362 849 495 898 accurate
519 841 694 898 sententiam
722 840 790 899 dixi.
831 838 909 898 Cum
938 841 1075 899 abessent

126 939 305 1009 consulares,
336 939 418 1014 quod
450 947 513 995 tuto
545 955 578 996 se
612 948 751 1013 negarent
781 956 869 1013 posse
903 939 1074 997 sententiam

126 1038 235 1107 dicere,
269 1045 383 1112 praeter
420 1033 588 1092 Messallam
625 1044 655 1092 et
690 1035 854 1105 Afranium,
888 1034 997 1094 iactum
1031 1046 1076 1093 est

126 1144 249 1193 senatus
274 1132 440 1190 consultum
464 1132 495 1188 in
519 1150 615 1189 meam
640 1135 820 1204 sententiam,
840 1142 872 1191 ut
897 1152 964 1191 curn
988 1133 1075 1190 Pom-

128 1233 199 1311 peio
222 1241 356 1307 ageretur
381 1240 413 1288 ut
440 1248 507 1287 eam
533 1248 595 1287 rem
623 1232 780 1307 susciperet
807 1232 911 1307 lexque
939 1231 1074 1301 serretur3

127 1346 192 1406 quo
215 1338 332 1387 senatus
353 1328 487 1387 consulto
511 1327 632 1386 recitato
657 1329 797 1387 continuo
823 1347 890 1387 cum
913 1347 995 1386 more
1017 1327 1074 1386 hoc

129 1425 242 1485 insulso
255 1435 284 1484 et
297 1442 375 1483 novo
390 1425 523 1500 plausum
538 1442 606 1483 meo
622 1426 740 1484 nomine
754 1426 902 1485 recitando
919 1426 1074 1494 dedissent,

129 1524 220 1583 habui
236 1523 424 1593 contionem3
446 1539 550 1580 omnes
570 1524 755 1598 magistratus
775 1532 942 1600 praesentes
964 1531 1077 1599 praeter

130 1634 225 1681 unum
239 1630 403 1696 praetorem
417 1627 446 1677 et
460 1618 535 1678 duos
550 1621 681 1678 tribunos
696 1621 733 1697 pl
750 1622 900 1679 dederunt
944 1634 970 1695 7.
993 1619 1076 1676 Post·

130 1718 205 1777 ridie
224 1726 342 1776 senatus
363 1716 517 1792 frequens3
540 1727 569 1776 et
587 1735 691 1777 omnes
711 1719 877 1777 consulares
897 1717 967 1776 nihil
989 1717 1077 1774 Pom-

130 1816 202 1893 peio
229 1813 387 1890 postulanti
413 1823 573 1888 negarunt3
602 1814 648 1872 ille
675 1815 788 1890 legatos
817 1814 984 1892 quindecim
1009 1831 1077 1871 cum

131 1912 301 1991 postularet,
330 1929 379 1970 me
405 1911 567 1987 principem
596 1913 755 1971 nominavit
783 1922 812 1971 et
839 1915 880 1970 ad
903 1913 1003 1970 omnia
1031 1929 1078 1968 me

131 2010 256 2071 alterum
276 2026 308 2066 se
329 2006 391 2066 fore
411 2007 491 2067 dixit.
535 2007 647 2084 Legem
672 2011 808 2069 consules
833 2011 1078 2085 conscripserunt,

131 2125 194 2187 qua
212 2106 354 2183 Pompeio
374 2124 425 2181 per
444 2107 674 2181 quinquennium
693 2109 789 2166 omnis
808 2117 937 2184 potestas
958 2107 1000 2164 rei
1021 2106 1077 2163 fru-

130 2205 291 2265 mentariae
311 2213 374 2262 toto
395 2204 467 2261 orbe
488 2214 627 2261 terrarum
647 2203 778 2278 daretur;
802 2206 920 2264 alteram
942 2204 1078 2273 Messius,

131 2302 185 2383 qui
198 2301 295 2359 omnis
309 2302 450 2379 pecuniae
465 2301 514 2358 dat
528 2311 702 2376 potestatem
715 2312 745 2360 et
760 2303 889 2378 adiungit
908 2303 1033 2360 classem
1052 2311 1080 2359 et

131 2399 292 2459 exercitum
300 2408 329 2457 et
339 2399 432 2459 maius
444 2399 597 2474 imperium
609 2399 639 2456 in
650 2401 813 2475 provinciis,
824 2401 959 2477 quamsit
970 2419 1080 2471 eorum,

131 2498 185 2575 qui
200 2514 249 2555 eas
267 2494 433 2554 obtineant:
448 2496 495 2553 illa
509 2505 609 2554 nostra
622 2495 668 2553 lex
683 2497 841 2556 consularis
856 2516 934 2556 nunc
948 2497 1082 2556 modesta

132 2594 254 2663 viderur,
268 2592 340 2651 haec
361 2590 463 2651 Messii
485 2611 546 2651 non
567 2593 693 2653 ferenda.
735 2594 894 2671 Pompeius
913 2595 990 2653 illam
1009 2594 1081 2652 velle

133 2710 167 2753 se
187 2688 266 2761 dicit,
285 2689 438 2748 familiares
459 2689 543 2749 hanc.
585 2691 762 2751 Consulares
783 2694 857 2752 duce
879 2693 1008 2751 Favonio
1027 2691 1081 2750 fre-

133 2799 220 2847 munt
227 2806 236 2859 ;
257 2804 313 2845 nos
333 2796 470 2856 tacemus,
489 2797 517 2844 et
536 2805 573 2845 eo
595 2789 696 2863 magis,
711 2790 791 2864 quod
813 2791 850 2848 de
871 2789 961 2848 domo
982 2799 1082 2847 nostra

133 2886 207 2947 nihil
232 2883 329 2943 adhuc
356 2884 509 2959 pontifices
537 2886 768 2961 responderunt:
797 2889 847 2962 qui
871 2888 894 2945 si
919 2887 1082 2946 sustulerint

133 2983 314 3060 religionem,
343 2998 441 3039 aream
469 2983 645 3058 praeclaram
676 2983 864 3057 habebimus;
900 2986 1082 3060 superficiem

133 3080 272 3143 consules
303 3097 340 3137 ex
371 3089 487 3137 senatus
514 3081 648 3139 consulto
677 3083 885 3141 aestimabunt:
921 3085 966 3141 sin
993 3083 1081 3152 aliter,

133 3176 338 3247 demolientur,
360 3194 414 3235 suo
438 3178 556 3235 nomine
581 3178 727 3250 locabunt‚
750 3198 811 3237 rem
833 3189 926 3238 totam
950 3181 1082 3239 aestima·

133 3278 217 3339 bunt.
260 3277 288 3333 8.
311 3272 356 3332 Ita
377 3282 443 3332 sunt
464 3293 510 3332 res
531 3286 656 3346 nostrae,
671 3288 702 3334 ut
723 3277 753 3334 in
775 3278 917 3348 secundis,
932 3278 1035 3350 fluxae,
1051 3289 1081 3337 ut

135 3374 167 3437 iu
185 3370 325 3444 adversis,
338 3373 444 3431 bonae.
486 3371 522 3430 In
542 3390 573 3431 re
594 3373 725 3433 familiari
746 3374 828 3433 valde
850 3392 958 3448 sumus,
973 3387 1005 3435 ut
1025 3377 1082 3436 scis
