2498 3840
62 221 106 280 ap.
119 217 172 282 146,
185 203 251 287 147]
281 215 394 265 arrsr.
410 215 459 263 no
473 213 694 263 FAMILIARES
708 213 774 264 xrr.
794 217 841 264 ro.
944 214 1006 281 277

61 367 165 425 merita
179 375 331 437 exacuunt
347 385 384 424 ne
399 367 470 442 quid
488 375 537 423 aut
551 384 588 423 ex
602 383 703 423 amore
721 373 770 422 aut
785 383 821 422 ex
836 363 941 422 iudicio
956 374 1007 422 tuo

60 466 190 541 perdam.
235 463 315 540 Opto
330 474 361 521 ut
381 465 451 521 mihi
465 464 550 522 liceat
563 465 621 521 iam
636 463 780 538 praesenti
800 462 907 538 pietate
925 480 1007 520 meo-

60 582 127 620 rum
148 561 309 620 officiorum
324 571 373 618 tua
389 561 530 618 beneficia
549 560 599 617 tibi
617 559 711 618 facere
725 559 904 617 iucundiora.
945 575 1006 618 vm.

61 661 132 718 Idus
146 659 211 717 Iun.
227 658 380 729 Cularone,
396 677 432 716 ex
447 658 551 715 finibus
565 657 769 732 Allobrogum.
988 638 990 642 ¹

235 819 301 871 147.
344 813 401 870 ΑΙ)
422 811 674 870 FAMILIARES
696 810 765 868 XII.
791 829 837 870 ro.

125 928 190 989 Scn.
214 928 322 986 Rorrrn
344 945 471 985 nnuma
492 944 587 984 nausa
608 924 752 996 Qumrrur
772 943 855 984 nuc.
879 937 947 999 711.

387 1050 489 1092 crcnno
509 1049 604 1092 cnssro
625 1048 686 1089 sm.

98 1166 132 1206 ‚1.
154 1147 288 1218 erPmus,
305 1157 369 1204 tuus
387 1147 500 1215 adfinis
515 1163 599 1202 meus
616 1143 769 1215 familiaris,
783 1161 826 1219 pr.
842 1142 881 1202 K.
897 1143 1008 1216 Quinc-

62 1248 127 1306 tiles
142 1247 290 1304 sententiis
305 1247 441 1304 omnibus
453 1244 545 1302 hostis
560 1261 577 1300 a
589 1252 691 1300 senatu
702 1242 843 1301 iudicatus
855 1253 899 1302 est
908 1245 1008 1302 ceteri·

62 1364 129 1421 que,
139 1346 188 1420 qui
199 1361 257 1400 una
268 1361 335 1400 cum
345 1343 394 1399 illo
405 1361 463 1399 are
473 1341 590 1417 publica
601 1339 768 1399 defecerunt
771 1359 779 1412 ;
795 1342 900 1416 quibus
910 1352 1010 1400 tamen

62 1443 100 1500 ad
123 1443 274 1500 sanitatem
295 1440 435 1498 redeundi
458 1450 524 1496 ante
546 1438 584 1495 K.
609 1438 687 1514 Sept.
710 1448 838 1514 potestas
859 1439 935 1498 facta
957 1451 1009 1500 est.

63 1542 158 1600 Fortis
174 1559 243 1598 sane
259 1549 383 1610 senatus
398 1538 450 1596 sed
465 1539 591 1595 maxime
606 1555 658 1613 spe
674 1537 792 1595 subsidii
804 1539 853 1595 tui.
895 1538 1009 1597 Bellum

63 1639 191 1716 quidem,
207 1656 273 1694 cum
291 1637 363 1694 haee
385 1636 557 1705 scribebam,
572 1652 643 1692 sane
660 1653 801 1710 magnum
821 1646 882 1694 erat
902 1638 1009 1697 scelere

62 1750 92 1796 et
105 1738 218 1795 levitate
233 1736 345 1811 Lepidi.
386 1735 451 1793 Nos
470 1735 506 1792 de
520 1733 674 1791 Dolabella
688 1734 827 1809 quotidie,
842 1753 916 1810 quae
930 1737 1009 1795 volu·

62 1854 138 1905 mus,
153 1835 294 1901 audimus,
311 1833 362 1890 sed
377 1833 471 1890 adhuc
487 1833 548 1889 sine
563 1831 666 1907 capite,
678 1831 739 1890 sine
753 1842 878 1903 auctore,
893 1851 1010 1893 rumore

62 1934 175 1991 nuntio.
220 1951 245 1989 2.
269 1930 360 2002 Quod
380 1949 446 1988 cum
466 1931 506 1987 ita
524 1939 609 2001 esset,
624 1938 722 1987 tamen
739 1930 838 1988 litteris
857 1932 921 2002 tuiS,
937 1951 1009 2007 quas

63 2031 159 2090 Nonis
174 2029 259 2086 Maiis
280 2048 315 2085 ex
331 2029 430 2086 castris
449 2028 530 2085 datas
552 2045 765 2102 acceperamus,
780 2027 820 2086 ita
838 2046 1009 2103 persuasum

63 2139 125 2188 erat
139 2126 252 2196 civitati,
268 2135 299 2182 ut
313 2126 394 2183 illum
408 2127 465 2183 iam
481 2143 655 2201 oppressum
676 2143 779 2182 omnes
799 2126 1009 2198 arbitrarentur,

62 2237 92 2285 te
113 2235 210 2283 autem
230 2225 259 2280 in
277 2223 390 2280 Italiam
410 2222 507 2280 venire
529 2241 595 2280 cum
617 2224 753 2294 exercitu,
774 2232 814 2293 ut,
836 2224 860 2282 si
879 2224 951 2282 haec
973 2244 1009 2283 ex

63 2323 207 2383 sententia
228 2319 363 2377 conlecta
384 2329 488 2388 essent,
510 2320 631 2377 consilio
654 2329 741 2395 atque
763 2322 930 2379 auctoritate
951 2332 1009 2394 tua,

63 2424 109 2481 sin
124 2420 193 2496 quid
206 2420 277 2475 forte
292 2419 453 2488 titubatum,
466 2427 497 2474 ut
512 2417 543 2475 fit
556 2419 586 2475 in
601 2419 686 2491 bello,
699 2420 827 2477 exercitu
840 2430 891 2478 tuo
905 2421 1009 2479 nitere·

62 2539 146 2592 mur;
177 2536 264 2594 quem
291 2518 408 2592 quidem
433 2510 490 2591 ego
515 2517 674 2573 exercitum
700 2517 931 2593 quibuscumque
955 2537 1010 2594 po-

61 2629 145 2675 tuero
174 2617 259 2672 rebus
288 2617 419 2683 ornab03
448 2614 528 2671 cuius
556 2614 597 2671 rei
619 2623 681 2671 tum
705 2623 821 2690 tempus
849 2617 909 2687 erit,
933 2635 1009 2690 cum,

62 2715 134 2790 quid
149 2714 213 2788 opis
228 2714 268 2770 rei
283 2713 414 2788 publicae
429 2711 537 2770 latums
552 2711 575 2768 is
590 2713 732 2768 exercitus
754 2713 790 2770 sit
804 2722 852 2770 aut
867 2713 936 2788 quid
950 2715 1009 2772 iam

62 2813 165 2880 tulerit,
181 2821 283 2867 notum
298 2828 362 2868 esse
382 2809 527 2884 coeperit:
550 2827 619 2866 nam
638 2809 733 2868 adbuc
752 2819 863 2867 tantum
886 2820 1009 2870 conatus

63 2910 227 2977 audiuntur,
242 2908 344 2983 optimi
365 2908 402 2964 illi
422 2907 541 2983 quidem
562 2915 590 2964 et
609 2908 837 2982 praeclarissimi,
853 2909 905 2966 sed
925 2919 1009 2985 gesta

62 3027 109 3066 res
130 3016 323 3082 exspectatur,
340 3024 428 3080 quam
447 3006 566 3080 quidem
585 3016 633 3063 aut
650 3007 708 3064 iam
729 3024 793 3063 esse
812 3005 938 3081 aliquam
959 3016 1009 3066 aut

65 3107 301 3181 adpropinquare
325 3104 451 3162 confido
495 3122 521 3178 3.
547 3103 614 3162 Tua
636 3105 737 3161 virtute
760 3110 787 3160 et
807 3105 1009 3180 magnitudine

66 3204 155 3260 animi
180 3201 250 3258 nihil
275 3210 319 3258 est
339 3202 479 3270 nobilius;
502 3201 598 3275 itaque
623 3210 764 3276 optamus,
784 3210 816 3258 ut
841 3219 929 3277 quam
951 3204 1009 3278 pri·

66 3319 148 3358 mum
170 3310 198 3356 te
223 3299 252 3354 in
274 3298 357 3355 Italia
378 3299 541 3356 videamus:
567 3316 629 3355 rem
653 3298 799 3373 publicam
824 3317 879 3358 nos
902 3301 1009 3361 habere

67 3398 277 3468 arbitrabimur,
306 3397 330 3453 si
358 3413 408 3453 vos
439 3397 618 3454 habebimus
660 3394 809 3456 Praeclare
840 3398 1008 3470 viceramus,
