2392 3848
97 201 139 270 54
376 196 766 252 rv.rurrrrcrcnxorv1s
923 179 1041 272 [rann

97 368 199 414 senatu
218 354 416 413 auctoritatem
436 364 464 413 et
485 353 562 430 apud
583 354 659 413 viros
680 355 776 413 bonos
796 354 918 430 gratiam
939 355 1042 431 magis,

25 487 29 495 -
98 472 186 530 quam
206 463 383 528 optaramus,
398 451 546 510 consecuti
562 470 678 523 sumus;
700 452 731 508 in
746 470 776 510 re
791 462 887 510 autem
903 451 1041 522 familiari,

98 568 173 627 quae
193 567 280 625 quem
302 549 339 606 ad
359 549 481 606 modum
502 547 600 617 fracta,
621 548 767 623 dissipata,
785 550 896 625 direpta
917 550 962 618 sit,
983 566 1043 607 non

99 650 223 724 ignoras,
239 646 321 704 valde
339 646 504 704 laboramus
523 655 694 721 tuarumque
713 663 774 703 non
789 656 849 703 tarn
864 646 1043 716 facultatum,

98 764 171 823 quas
186 761 243 819 ego
258 754 372 801 nostras
390 761 454 800 esse
472 742 577 812 iudico,
593 760 681 818 quam
701 744 887 801 consiliorum
907 743 945 801 ad
965 743 1043 802 colli-

98 842 210 920 gendas
225 851 253 899 et
270 839 487 899 constituendas
507 839 641 914 reliquias
663 850 777 898 nostras
797 840 972 916 indigemus.
1017 860 1043 913 4.

99 939 195 1009 Nunc,
211 940 262 995 etsi
278 937 377 995 omnia
391 947 439 994 aut
454 937 560 1011 scripta
573 954 638 994 esse
652 955 670 994 a
683 937 739 994 tuis
754 936 875 996 arbitror
888 949 939 996 aut
956 940 1043 997 etiam

100 1038 207 1096 nuntiis
219 1055 253 1094 ac
264 1053 381 1093 rumore
393 1034 511 1110 perlata,
521 1044 619 1092 tamen
634 1053 669 1092 ea
683 1036 808 1093 scribam
821 1036 910 1106 brevi,
924 1055 1000 1112 quae
1014 1046 1042 1096 te

99 1146 170 1211 puto
194 1133 379 1208 potissimum
400 1150 436 1189 ex
457 1132 530 1188 meis
552 1131 650 1189 litteris
671 1131 742 1189 velle
765 1149 953 1208 cognoscere.
998 1135 1041 1193 Pr.

1 1218 67 1311 ¹⁰55)
97 1229 203 1286 Nonas
216 1226 335 1284 Sextiles
347 1224 528 1301 Dyrrhachio
540 1243 605 1282 sum
616 1225 772 1301 profectus,
782 1227 846 1301 ipso
859 1227 908 1285 illo
921 1228 977 1297 die,
986 1246 1043 1304 quo
1057 1251 1081 1327 h·

99 1327 145 1383 lex
161 1336 204 1382 est
216 1324 273 1380 lata
287 1322 324 1380 de
338 1323 440 1389 nobis:
463 1321 648 1378 Brundisium
667 1323 733 1379 veni
753 1322 847 1394 Nonis
869 1323 1043 1384 Sextilibus:

101 1423 141 1480 ibi
154 1421 226 1478 mihi
240 1420 367 1478 Tulliola
381 1438 447 1477 mea
461 1418 513 1476 fuit
527 1430 643 1495 praesto
658 1419 744 1477 natali
764 1438 817 1479 suo
836 1422 901 1496 ipso
923 1422 979 1493 die,
996 1425 1045 1499 qui

101 1538 169 1577 casu
191 1518 269 1576 idem
289 1517 392 1575 natalis
413 1525 473 1575 erat
498 1527 526 1574 et
549 1516 741 1575 Brundisinae
764 1517 899 1577 coloniae
924 1530 954 1578 et
979 1532 1045 1580 tuae

101 1617 213 1674 vicinae
247 1614 371 1685 Salutis;
406 1632 481 1690 quae
509 1632 556 1671 res
584 1614 785 1672 animadversa
812 1634 831 1672 a
858 1618 1045 1677 multitudine

101 1731 216 1771 summa
235 1711 475 1770 Brundisinorum
493 1711 684 1786 gratulatione
706 1711 850 1770 celebrata
871 1723 923 1772 est.
967 1715 1045 1775 Ante

7 1840 59 1891 ‘ss
102 1809 179 1866 diem
203 1827 240 1866 v1.
261 1808 331 1891 Idus
354 1808 475 1866 Sextiles
499 1807 634 1883 cognovi,
651 1802 730 1885 [cum
754 1808 900 1867 Brundisii
926 1809 1044 1892 essem]

104 1904 202 1963 litteris
232 1904 344 1976 Quinti,
372 1906 494 1963 mirifico
524 1905 619 1962 studio
647 1904 778 1962 omnium
807 1915 935 1964 aetatum
960 1921 1046 1986 atque

103 2002 246 2070 ordinum,
262 2002 420 2059 incredibili
440 2020 582 2060 concursu
603 2001 700 2059 ltaliae
719 2001 814 2077 legem
833 2005 958 2065 comitiis
979 2028 1046 2067 cen·

104 2100 213 2158 turiatis
237 2117 300 2157 esse
323 2099 480 2175 perlatam:
505 2099 573 2156 inde
595 2117 613 2156 a
633 2099 815 2157 Brundisinis
835 2099 1047 2165 honestissimis

104 2207 222 2254 ornatus
237 2198 290 2254 iter
304 2197 343 2253 ita
361 2195 425 2266 ieci,
439 2206 470 2253 ut
489 2195 617 2270 undique
637 2196 675 2253 ad
698 2214 745 2253 me
768 2215 835 2255 cum
854 2201 1047 2273 gratulatione

103 2292 191 2368 legati
205 2293 402 2352 convenerint.
443 2307 469 2366 5.
491 2292 542 2350 Ad
556 2293 656 2350 urbem
670 2293 710 2351 ita
723 2295 796 2363 veni,
808 2304 841 2352 ut
855 2315 944 2356 nemo
964 2301 1048 2361 ullius

104 2391 213 2448 ordinis
227 2390 318 2447 homo
333 2391 542 2448 nomenclatori
557 2400 644 2448 notus
664 2389 756 2460 fuerit,
772 2392 822 2466 qui
841 2393 912 2450 mihi
931 2397 1049 2458 obviarn

104 2505 165 2545 non
189 2487 306 2556 venerit,
329 2497 443 2563 praeter
467 2507 519 2546 eos
542 2488 684 2559 inimicos,
704 2489 809 2565 quibus
834 2490 864 2548 id
884 2491 982 2567 ipsum
1005 2493 1048 2576 [se

105 2585 239 2644 inimicos
263 2581 342 2663 esse]
368 2603 428 2642 non
453 2584 550 2644 liceret
575 2599 623 2643 aut
648 2586 827 2645 dissimulare
854 2599 904 2646 aut
931 2610 1049 2669 negare.

105 2683 183 2743 Cum
204 2682 348 2739 venissem
370 2682 408 2740 ad
429 2693 543 2758 portam
565 2683 725 2760 Capenam,
744 2685 853 2759 gradus
872 2689 1049 2764 templorum

105 2784 142 2840 ab
157 2780 258 2838 infima
272 2778 357 2854 plebe
372 2779 508 2856 completi
523 2791 613 2852 erant,
624 2798 642 2838 a
653 2799 710 2856 qua
721 2782 824 2856 plausu
838 2785 968 2844 maximo
982 2808 1049 2849 cum

105 2890 181 2938 esset
203 2876 273 2934 mihi
296 2876 449 2951 gratulatio
474 2877 642 2952 significata,
663 2879 762 2938 similis
787 2890 816 2938 et
839 2880 1001 2960 frequentia
1021 2898 1050 2947 et

106 2977 225 3052 plausus
239 2990 393 3047 meusque
408 2971 446 3030 ad
465 2970 641 3048 Capitolium
658 2975 816 3048 celebravit,
830 2978 861 3036 in
880 2979 1004 3057 foroque
1022 2994 1051 3043 et

106 3074 222 3149 inipso
248 3069 393 3146 Capitolio
418 3069 550 3127 miranda
576 3071 729 3130 multitudo
753 3072 814 3132 fuit.
855 3074 998 3138 Postridie
1020 3081 1050 3139 in

18 3216 21 3225 .
44 3202 68 3221 ι.
107 3180 218 3240 senatu,
234 3169 283 3245 qui
297 3167 349 3225 fuit
371 3167 433 3226 dies
453 3166 607 3245 Nonarum
629 3168 797 3244 Septembr,
814 3175 924 3231 senatui
944 3178 1052 3252 gratias

107 3267 228 3342 egimus.
261 3268 289 3324 6.
306 3264 351 3330 Eo
362 3263 451 3322 biduo
463 3282 530 3322 cum
542 3274 616 3322 esset
628 3283 762 3326 annonae
777 3287 890 3327 summa
905 3274 1010 3333 caritas
1024 3285 1052 3335 et

108 3363 243 3423 homines
258 3363 296 3421 ad
310 3362 451 3422 theatrum
471 3361 575 3439 prim0,
592 3362 697 3422 deinde
719 3364 757 3423 ad
776 3378 909 3427 senatum
929 3387 1052 3431 concur·
