2392 3848
110 180 235 265 ama]
310 192 424 244 aaran
446 191 496 242 AD
516 191 738 242 rrmrmnrs
762 192 809 243 vr.
834 193 863 262 7.
994 194 1054 243 201

109 343 283 423 parcissime
303 343 408 404 lacere.
451 342 510 402 Sed
526 353 627 403 tamen
645 362 702 420 ego
717 343 835 420 quidem
855 360 902 400 me
918 341 1057 413 sustinui;

112 441 206 501 multa
229 442 329 514 minui,
350 442 441 501 multa
462 442 571 513 sustuli,
593 441 744 517 complura
764 459 801 499 ne
823 441 909 517 posui
930 438 1058 516 quidem.

113 538 215 611 Quem
237 539 415 599 admodum
435 541 528 617 igitur,
544 541 686 599 scalarum
705 540 812 614 gradus
832 539 856 597 si
876 538 947 597 alios
966 537 1059 609 tollas,

114 637 188 697 alios
202 637 323 710 incidas,
338 656 399 698 non
413 638 508 697 nullos
525 637 600 696 male
620 637 772 696 haerentes
790 637 945 712 relinquas,
958 635 1060 694 ruinae

114 735 277 813 periculum
291 745 393 807 struas,
408 753 469 794 non
489 754 643 795 ascensum
662 754 755 811 pares,
773 735 815 793 sic
834 744 877 793 tot
895 733 978 792 malis
997 744 1060 791 turn

114 834 246 893 vinctum
274 844 335 892 turn
364 835 487 893 fractum
514 834 641 892 studium
669 832 812 891 scribendi
837 832 909 908 quid
937 832 1059 906 dignum

114 932 235 991 auribus
256 941 305 990 aut
325 932 476 1009 probabile
497 940 593 1008 potest
614 930 745 989 adferre?
789 948 816 1003 4.
839 930 915 989 Cum
932 947 1001 987 vero
1022 928 1061 988 ad

114 1029 209 1106 ipsius
230 1027 363 1088 Caesaris
387 1046 497 1087 nornen
522 1030 596 1100 veni,
616 1038 678 1088 toto
703 1047 824 1105 corpore
849 1038 1060 1098 contremesco,

115 1144 182 1187 non
194 1144 309 1204 poenae
323 1139 411 1198 metu,
426 1128 478 1186 sed
492 1128 566 1186 illius
580 1127 692 1186 iudicii:
708 1138 800 1186 totum
815 1129 893 1186 enirn
905 1126 1061 1186 Caesarem

116 1242 182 1285 non
195 1225 272 1284 novi.
307 1224 405 1298 Quem
419 1235 503 1302 putas
518 1227 648 1284 animum
662 1245 735 1298 esse,
744 1227 793 1284 ubi
808 1244 908 1284 secum
921 1225 1062 1301 loquitur?

117 1322 190 1383 ‘hoc
210 1322 362 1399 probabitt
383 1323 440 1382 hoc
461 1326 581 1383 verbum
607 1325 794 1400 suspitiosum
818 1323 879 1382 est!
915 1321 1021 1394 ‘Quid
1036 1323 1061 1382 si

115 1420 179 1480 hoc
204 1422 306 1480 muto?
334 1432 363 1480 at
385 1440 494 1493 vereor,
514 1440 552 1480 ne
574 1423 658 1498 peius
685 1422 737 1481 sit’
775 1422 853 1496 ‘Age
878 1439 955 1491 vero,
973 1419 1062 1478 laudo

117 1519 263 1595 aliquem:
278 1538 349 1578 num
363 1520 503 1582 offendo?
518 1538 586 1580 curn
600 1539 687 1596 porro
702 1520 858 1590 offendam,
869 1520 948 1596 quid,
963 1521 1063 1578 sinon

116 1616 214 1677 volti’
250 1616 377 1677 ‘Armati
394 1619 492 1677 stilum
513 1620 709 1696 persequitur:
730 1619 795 1677 victi
817 1627 845 1676 et
864 1617 997 1676 nondum
1018 1636 1062 1675 re-

118 1714 211 1773 stituti
225 1713 426 1790 quidfacietl'
462 1716 562 1792 Auges
577 1717 664 1774 etiam
678 1725 709 1774 tu
723 1715 794 1773 mihi
807 1716 951 1785 timorem,
967 1714 1015 1790 qui
1030 1714 1062 1771 in

118 1810 247 1871 Oratore
267 1821 319 1871 tuo
341 1830 424 1871 caves
445 1813 496 1872 tibi
517 1832 568 1889 per
589 1813 710 1872 Brutum
734 1823 763 1872 et
784 1813 821 1871 ad
844 1811 1063 1871 excusationem

118 1908 236 1969 socium
249 1910 381 1986 quaeris:
399 1911 450 1968 ubi
463 1911 519 1969 hoc
534 1913 667 1970 omniurn
681 1920 820 1987 patronus
836 1911 910 1981 facit,
923 1911 992 1986 quid
1006 1929 1064 1981 me,

119 2016 249 2067 veterem
264 2016 353 2079 tuum,
368 2026 446 2067 nunc
461 2009 593 2067 omnium
608 2010 742 2068 clientem
757 2011 862 2068 sentire
877 2009 1012 2084 oportet?
1033 2009 1064 2065 in

118 2102 178 2163 hac
193 2103 278 2181 igitur
291 2103 434 2163 calumnia
448 2106 558 2164 timoris
573 2116 601 2165 et
615 2125 719 2165 caecae
730 2106 897 2182 suspitionis
908 2115 1063 2175 tormento,

118 2220 191 2263 cum
204 2201 326 2278 plurima
340 2202 378 2260 ad
397 2203 482 2261 alieni
501 2221 602 2262 sensus
621 2205 825 2273 coniecturam,
840 2221 901 2261 non
921 2203 959 2261 ad
979 2221 1064 2261 suum

119 2299 261 2361 indicium
282 2300 451 2371 scribantur,
472 2319 560 2376 quam
582 2301 694 2359 difficile
716 2303 752 2358 sit
773 2300 903 2372 evadere,
923 2301 947 2359 si
967 2301 1064 2359 minus

121 2405 259 2475 expertus
274 2414 314 2469 es,
329 2397 410 2472 quod
427 2407 456 2456 te
475 2398 512 2456 ad
532 2399 631 2456 omnia
650 2416 796 2457 summum
816 2408 903 2473 atque
922 2399 1066 2459 excellens

121 2494 273 2572 ingenium
298 2495 427 2565 armavit,
448 2513 503 2553 nos
528 2497 675 2554 sentimus.
719 2494 777 2553 Sed
802 2505 899 2553 tamen
924 2513 981 2571 ego
1006 2495 1065 2554 filio

122 2594 263 2662 dixeram,
278 2590 382 2649 librum
396 2593 447 2651 tibi
461 2593 570 2668 legeret
584 2603 612 2651 et
626 2591 757 2661 auferret,
771 2603 821 2650 aut
839 2611 875 2651 ea
893 2593 1066 2651 condicione

123 2692 214 2761 daret,
229 2691 254 2748 si
272 2691 415 2767 reciperes
434 2701 462 2750 te
477 2701 680 2760 correcturum,
694 2690 752 2749 hoc
766 2700 818 2759 est,
833 2691 858 2750 si
871 2700 965 2749 totum
980 2690 1068 2747 alium

123 2790 244 2851 faceres
291 2801 319 2861 5.
340 2787 386 2847 De
410 2789 539 2847 Asiatico
564 2790 671 2858 itinere,
687 2807 864 2864 quamquam
889 2805 1003 2847 summa
1028 2806 1069 2846 me

124 2886 282 2951 necessitas
302 2887 461 2961 premebat,
475 2896 506 2944 ut
526 2885 680 2961 imperasti,
694 2883 758 2943 feci.
801 2885 846 2943 Te
863 2903 918 2962 pro
935 2903 982 2942 me
997 2883 1068 2959 quid

124 2984 242 3045 horter?
263 2984 344 3042 vides
365 2994 479 3058 tempus
500 2984 622 3052 venisse,
642 3000 701 3058 quo
722 3000 843 3041 necesse
865 2983 901 3040 sit
921 2983 957 3040 de
982 2982 1067 3040 nobis

126 3083 267 3145 constitui.
310 3081 390 3139 Nihil
409 3090 462 3150 est,
481 3083 522 3139 mi
544 3080 655 3151 Cicer0,
675 3081 756 3156 quod
780 3081 869 3138 filium
893 3099 993 3139 meum
1016 3099 1068 3138 ex·

127 3191 260 3259 spectes:
282 3178 451 3238 adulescens
472 3189 531 3251 est3
554 3180 653 3237 omnia
672 3179 837 3254 excogitare
851 3179 896 3237 vel
913 3178 1009 3237 studio
1023 3178 1069 3237 vel

127 3288 220 3339 aetate
241 3276 286 3336 vel
307 3287 386 3335 metu
410 3295 470 3334 non
492 3285 595 3352 potest.
635 3276 746 3335 Totum
767 3277 918 3350 negotium
946 3287 977 3334 tu
1005 3295 1068 3334 sus·

127 3377 218 3439 tineas
232 3384 348 3454 oportet
355 3393 364 3448 3
386 3375 416 3432 in
437 3384 465 3433 te
486 3373 557 3432 mihi
577 3374 673 3434 omnis
692 3391 759 3451 spes
778 3383 831 3435 est.
873 3373 922 3434 Tu
941 3392 995 3453 pro
1018 3385 1068 3435 tua
