2392 3848
131 203 177 268 an
194 187 265 275 116.]
327 205 440 258 rerer.
462 207 512 254 an
533 209 755 259 camerinas
777 212 826 264 rr.
848 216 880 283 3.
1009 211 1072 285 237

234 496 239 509 Ι
325 433 390 490 116.
431 431 490 491 AD
511 432 762 493 FAMILIARES
784 435 838 494 XI.
860 452 888 510 3.

334 544 489 607 SCR.PR11).
505 547 581 608 Nou.
597 549 684 608 err.
699 566 782 609 auc.
799 562 868 623 710.

270 668 382 712 usurus
401 671 441 711 rr
461 671 571 714 cassius
590 670 635 715 m.
649 673 672 715 s.
686 675 715 715 n.
730 673 857 715 nurouro
878 671 937 716 cos

172 780 199 822 1.
221 762 249 823 S.
264 783 291 823 v.
306 784 332 824 s.
374 765 497 826 Litteras
511 777 575 827 tuas
594 768 718 844 legimus
738 768 896 828 simillimas
915 768 1001 828 edicti
1022 769 1072 842 tui,

127 861 361 934 contumeliosas,
379 865 516 936 minaces,
536 867 657 926 minime
679 866 783 941 dignas
802 884 877 942 quae
899 883 917 923 a
936 875 965 924 te
986 868 1072 924 nobis

127 957 315 1018 mitterentur.
360 960 433 1032 Nos,
461 963 583 1035 Antoni,
608 973 636 1022 te
663 964 741 1022 nulla
764 964 941 1022 lacessiimus
970 964 1073 1022 iniuria

127 1072 224 1132 neque
242 1057 411 1117 miraturum
430 1060 615 1132 credidimus,
629 1061 653 1120 si
672 1071 820 1137 praetores
838 1070 867 1118 et
884 1079 918 1119 ea
932 1060 1071 1137 dignitate

127 1152 262 1213 homines
276 1155 384 1232 aliquid
397 1157 493 1216 edicto
507 1159 736 1232 postulassemus
750 1176 768 1216 a
786 1158 923 1217 consule:
945 1160 1026 1235 quod
1048 1161 1071 1218 si

126 1251 285 1327 indignaris
304 1272 392 1312 ausos
411 1273 475 1314 esse
494 1255 524 1315 id
545 1256 649 1328 facere,
664 1257 794 1316 concede
814 1258 900 1316 nobis
921 1267 952 1315 ut
973 1257 1071 1317 dolea-

126 1364 193 1408 mus
214 1368 251 1408 ne
272 1350 328 1409 hoc
349 1351 467 1427 quidem
488 1355 541 1412 abs
561 1363 590 1412 te
611 1354 702 1412 Bruto
723 1364 753 1413 et
774 1353 877 1413 Cassio
904 1356 996 1413 tribui.
1044 1377 1071 1416 a.

126 1446 206 1505 Nam
228 1447 264 1507 de
285 1449 436 1531 dilectibus
456 1450 560 1511 habitis
581 1458 611 1510 et
631 1453 763 1529 pecuniis
785 1452 940 1529 imperatis,
963 1456 1070 1512 exerci-

126 1543 203 1601 tibus
216 1543 373 1603 sollicitatis
387 1554 416 1603 et
430 1547 537 1604 nuntiis
552 1556 631 1605 trans
645 1565 724 1605 mare
738 1548 834 1606 missis
849 1549 930 1624 quod
943 1558 971 1607 te
983 1567 1070 1625 ques-

125 1648 189 1698 tum
205 1659 270 1700 esse
284 1660 383 1717 negas,
397 1660 452 1701 nos
466 1644 584 1720 quidem
604 1645 655 1702 tibi
673 1644 819 1703 credimus
838 1646 950 1719 optimo
969 1647 1068 1706 animo

125 1748 156 1796 te
168 1738 279 1810 fecisse,
295 1740 347 1799 sed
361 1749 459 1798 tamen
473 1759 568 1818 neque
588 1741 776 1816 agnoscimus
790 1741 947 1817 quicquam
967 1760 1069 1802 eorum

125 1844 156 1895 et
169 1844 198 1894 te
212 1838 357 1908 miramur,
372 1850 439 1896 cum
453 1839 525 1897 haec
539 1839 692 1910 reticueris,
701 1856 762 1896 non
776 1840 906 1914 potuisse
920 1841 1067 1899 continere

124 1934 304 1992 iracundiam
321 1945 410 2004 tuam,
424 1937 494 2012 quin
514 1937 598 1995 nobis
612 1937 649 1995 de
663 1945 757 1994 morte
772 1934 904 1994 Caesaris
918 1936 1066 1996 obiiceres

126 2049 154 2106 3.
175 2030 250 2090 Illud
263 2030 336 2090 vero
346 2050 434 2109 quem
448 2033 486 2090 ad
502 2033 623 2091 modum
643 2032 797 2092 ferundum
818 2033 861 2103 sit,
877 2041 938 2091 tute
959 2035 1066 2110 cogita,

123 2148 186 2189 non
202 2130 288 2190 licere
306 2132 486 2208 praetoribus
505 2133 679 2190 concordiae
698 2148 732 2189 ac
748 2131 885 2190 libertatis
907 2150 995 2191 causa
1015 2151 1068 2208 per

124 2228 252 2287 edictum
266 2229 303 2288 de
317 2246 371 2287 suo
385 2229 446 2287 iure
460 2229 609 2300 decedere,
625 2230 694 2306 quin
709 2228 813 2287 consul
832 2246 913 2287 arma
932 2230 1066 2290 minetur.

124 2325 261 2398 Quorum
281 2326 386 2385 fiducia
403 2326 473 2384 nihil
491 2337 536 2386 est
554 2328 634 2403 quod
653 2345 708 2386 nos
727 2337 849 2398 terreas;
872 2346 968 2403 neque
988 2330 1067 2387 enim

123 2424 208 2485 decet
221 2435 270 2484 aut
284 2425 417 2484 convenit
432 2426 517 2484 nobis
531 2427 659 2503 periculo
679 2426 728 2484 ulli
748 2426 916 2485 submittere
936 2428 1066 2485 animum

122 2532 256 2581 nostrum
275 2541 369 2599 neque
389 2532 432 2581 est
445 2524 575 2581 Antonio
594 2524 808 2599 postulandum,
824 2532 856 2580 ut
876 2524 911 2582 iis
932 2525 1064 2600 imperet,

123 2637 248 2698 quorum
275 2638 366 2696 opera
393 2620 466 2679 liber
492 2631 543 2679 est.
593 2621 657 2680 Nos
685 2622 709 2680 si
737 2621 792 2679 alia
818 2621 1008 2692 hortarentur,
1034 2633 1065 2681 ut

122 2717 231 2776 bellum
250 2717 330 2776 civile
350 2717 487 2776 suscitare
504 2718 649 2789 vellemus,
670 2718 780 2777 litterae
800 2730 866 2778 tuae
887 2719 958 2776 nihil
979 2721 1066 2796 profi·

122 2824 237 2886 cerent;
259 2814 337 2873 nulla
355 2817 434 2873 enim
452 2816 589 2874 minantis
607 2817 760 2874 auctoritas
778 2816 857 2892 apud
877 2816 984 2875 liberos
1005 2827 1066 2874 est:

122 2912 177 2973 sed
191 2912 310 2988 pulchre
324 2912 466 2986 intellegis
486 2930 547 2971 non
566 2932 654 2989 posse
673 2932 728 2972 nos
742 2931 892 2990 quoquam
907 2914 1022 2992 impelli,
1037 2925 1066 2972 et

122 3010 252 3069 fortassis
267 3029 302 3069 ea
315 3029 346 3068 re
360 3011 510 3070 minaciter
527 3014 597 3088 agis,
611 3022 644 3070 ut
662 3012 800 3071 iudicium
820 3023 951 3068 nostrum
970 3023 1065 3071 metus

122 3108 260 3168 videatur.
302 3127 330 3180 4.
352 3108 417 3167 Nos
430 3109 461 3167 in
475 3109 529 3168 hac
544 3111 686 3170 sententia
700 3128 807 3181 sumus,
823 3120 854 3167 ut
867 3119 896 3167 te
916 3110 1067 3186 cupiamus

122 3207 155 3265 in
169 3206 258 3264 libera
271 3224 302 3264 re
317 3207 433 3283 publica
450 3226 591 3284 magnum
611 3219 698 3285 atque
716 3208 873 3266 honestum
892 3226 965 3280 esse,
980 3226 1066 3268 voce-

122 3322 191 3363 mus
214 3313 243 3362 te
267 3303 305 3362 ad
330 3304 422 3363 nullas
443 3307 613 3377 inimicitias,
634 3307 686 3365 sed
707 3316 806 3364 tamen
825 3306 915 3382 pluris
935 3318 1065 3367 nostram

123 3401 283 3460 libertatem
299 3419 388 3478 quam
402 3414 481 3461 tuam
501 3404 655 3463 amicitiam
674 3404 868 3463 aestimemus.
911 3403 961 3464 Tu
979 3407 1066 3466 etiam
