2498 3840
144 214 189 278 tp.
207 195 278 288 114]
346 213 459 263 arrsr.
481 213 531 261 aa
551 213 772 263 mauritanus
793 216 841 263 xr.
867 200 918 266 28.
1028 218 1091 286 233

331 441 398 496 114.
439 436 497 497 AD
517 438 771 498 FAMILIARES
792 438 845 498 XI.
870 441 916 498 28.

243 549 310 612 Scri.
332 551 597 626 Romanarum
616 571 710 612 nausa
731 553 919 614 Minoaue.
942 565 1010 627 710.

445 676 555 718 namus
575 676 709 718 cronaom
729 676 790 717 sm.

192 792 217 832 1.
248 773 386 833 Masurii
419 773 595 849 voluptatem
626 792 662 831 ex
690 774 746 832 tuis
774 773 872 832 litteris
901 775 975 850 cepi,
1003 773 1093 850 quod,

153 887 236 946 quam
253 889 402 947 speraram
418 882 505 946 atque
523 881 666 946 optaram,
681 871 787 929 habere
802 882 830 929 te
851 872 888 930 de
907 889 955 929 me
977 872 1093 947 opinio·

155 988 217 1027 uem
239 970 383 1045 cognovi3
405 968 442 1027 de
463 987 522 1044 qua
542 969 595 1027 etsi
616 987 677 1027 non
699 969 876 1041 dubitabam,
896 980 1002 1041 tamen,
1023 969 1092 1046 quia

158 1067 267 1125 maximi
292 1067 490 1138 aestimabam,
511 1077 543 1125 ut
567 1068 734 1144 incorrupta
754 1078 893 1138 maneret,
914 1068 1091 1127 laborabam.

160 1163 292 1222 Conscius
309 1173 407 1222 autem
426 1164 496 1221 mihi
511 1183 591 1222 eram
612 1164 682 1221 nihil
699 1183 717 1222 a
737 1183 785 1223 me
806 1166 997 1224 commissum
1018 1182 1091 1236 esse,

162 1262 230 1337 quod
255 1262 326 1319 boni
354 1262 525 1337 cuiusquam
555 1261 716 1320 offenderet
748 1262 896 1320 animum:
931 1279 968 1320 eo
996 1261 1093 1319 minus

164 1358 305 1416 credebam
334 1358 464 1434 plurimis
492 1368 578 1434 atque
613 1360 732 1434 optimis
767 1360 875 1417 artibus
910 1368 1014 1418 omato
1041 1358 1092 1416 tibi

165 1465 257 1514 temere
271 1455 428 1531 quicquam
443 1455 608 1531 persuaderi
622 1458 760 1533 potuisse,
776 1458 946 1532 praesertim
959 1458 989 1513 in
1003 1474 1092 1533 quem

166 1571 219 1611 nea
239 1570 385 1629 propensa
409 1561 437 1610 et
461 1564 602 1628 perpetua
623 1553 724 1612 luisset
751 1564 838 1630 atque
865 1564 942 1614 esset
965 1556 1093 1613 benevo-

167 1650 237 1708 leutia
244 1670 252 1722 3
284 1649 364 1725 quod
386 1651 533 1725 quoniam,
557 1662 589 1709 ut
610 1652 696 1717 volui,
722 1653 783 1710 scio
807 1669 880 1724 esse,
905 1650 1093 1727 respondebo

167 1749 324 1818 criminibus,
347 1748 451 1823 quibus
472 1758 503 1805 tu
527 1765 581 1824 pro
602 1767 658 1820 me,
680 1759 712 1806 ut
731 1767 784 1825 par
805 1759 865 1808 erat
885 1759 935 1807 tua
956 1747 1094 1823 singulari

166 1845 277 1903 bonitate
305 1854 334 1902 et
366 1844 490 1901 amicitia
524 1856 630 1917 nostra,
658 1864 746 1921 saepe
778 1847 913 1905 restitisti.
958 1864 983 1904 a.
1014 1845 1094 1903 Nota

166 1943 230 2000 enim
242 1940 312 1999 mihi
327 1951 402 2009 sunt,
417 1958 491 2015 quae
506 1943 536 1999 in
550 1961 598 2000 me
614 1954 682 2018 post
696 1942 829 2002 Caesaris
849 1953 973 2001 mortem
991 1952 1094 2001 contu·

165 2041 249 2099 lerint:
270 2041 339 2098 vitio
360 2039 430 2096 mihi
452 2039 529 2109 daut,
548 2042 627 2117 quod
648 2052 772 2100 mortem
792 2041 919 2100 hominis
938 2041 1093 2099 necessarii

164 2140 273 2214 graviter
294 2137 357 2195 fero
378 2149 464 2213 atque
486 2156 562 2208 eum,
584 2157 672 2214 quem
693 2139 788 2210 dilexi,
808 2141 918 2215 perisse
938 2139 1093 2214 indignor3

164 2238 230 2294 aiunt
244 2236 322 2294 enim
336 2236 458 2309 patriam
474 2236 614 2294 amicitiae
628 2238 867 2312 praeponendam
883 2255 956 2308 esse,
972 2235 1096 2311 proinde

163 2352 190 2392 ac
208 2334 230 2392 si
247 2335 305 2391 iam
319 2333 438 2390 vicerint
459 2333 571 2390 obitum
592 2334 654 2390 eius
674 2335 715 2391 rei
729 2335 861 2409 publicae
881 2334 969 2392 luisse
987 2333 1096 2392 utilem.

163 2431 213 2490 Sed
238 2449 300 2488 non
328 2448 415 2505 agam
444 2440 554 2488 astute:
589 2430 680 2489 fateor
708 2450 756 2489 me
789 2432 826 2490 ad
854 2432 941 2489 istum
973 2432 1097 2507 gradum

162 2529 310 2605 sapientiae
324 2546 386 2585 non
399 2529 580 2604 pervenisse;
603 2547 697 2605 neque
716 2530 796 2587 enim
814 2528 971 2587 Caesarem
989 2529 1019 2586 in
1041 2529 1097 2587 dis-

162 2627 289 2684 sensione
310 2624 385 2682 civili
406 2642 471 2682 sum
493 2635 617 2695 secutus,
640 2626 693 2684 sed
712 2627 848 2696 amicum,
868 2644 1046 2702 quamquam
1066 2644 1098 2685 re

161 2723 330 2793 offendebar,
355 2731 453 2781 tamen
478 2740 539 2780 non
562 2723 684 2792 deserui,
707 2740 802 2798 neque
826 2723 936 2782 bellum
957 2741 1098 2798 umquam

161 2821 234 2879 civile
249 2830 298 2879 aut
313 2819 402 2878 etiam
421 2838 539 2878 causam
559 2819 747 2878 dissensionis
761 2821 889 2895 probavi,
904 2838 992 2896 quam
1011 2820 1098 2878 etiam

160 2929 321 2977 nascentem
346 2917 489 2992 exstingui
514 2935 627 2974 summe
655 2917 760 2975 studui.
802 2916 903 2992 Itaque
927 2917 958 2974 in
981 2917 1098 2976 victoria

159 3017 278 3075 hominis
299 3016 454 3074 necessarii
475 3033 570 3090 neque
584 3014 703 3072 honoris
725 3032 820 3089 neque
839 3014 979 3090 pecuniae
1001 3015 1097 3074 dulce-

160 3115 222 3172 dine
250 3132 315 3172 sum
346 3123 454 3189 captus,
480 3114 583 3190 quibus
607 3113 741 3187 praemiis
765 3112 873 3186 reliqui,
899 3112 995 3169 minus
1019 3113 1098 3188 apud

160 3230 221 3270 eum
245 3229 334 3288 quam
363 3228 420 3286 ego
447 3229 514 3268 cum
541 3219 669 3285 possent,
695 3209 883 3266 immoderate
911 3218 978 3267 sunt
1004 3210 1095 3270 abusi.

161 3310 252 3385 litque
274 3310 362 3367 etiam
389 3326 433 3366 res
454 3308 600 3366 familiaris
624 3325 690 3365 mea
710 3305 774 3381 lege
796 3305 927 3365 Caesaris
950 3306 1097 3369 deminuta

161 3417 207 3479 est,
222 3409 304 3466 cuius
317 3406 461 3465 beneficio
476 3405 612 3483 plerique,
627 3406 677 3483 qui
691 3403 823 3464 Caesaris
841 3414 934 3463 morte
947 3405 1097 3481 laetantur,
