2498 3840
145 187 187 266 48
417 201 456 251 M.
482 201 602 249 ruam
623 200 812 249 ciceronis
985 186 1089 271 [rana

146 358 252 428 vexari,
279 359 322 416 sic
349 358 443 416 iacere
471 357 500 415 in
521 357 645 415 lacrimis
671 367 701 415 et
725 357 892 416 sordibusl.
911 356 999 433 idque
1026 355 1088 413 fieri

146 474 212 513 mea
237 454 329 530 culpa,
355 455 405 529 qui
427 464 537 512 eeteros
560 455 676 525 servavi,
698 465 729 511 ut
752 472 807 512 nos
830 453 1007 529 periremusl
1061 471 1087 526 3.

147 553 238 624 Quod
259 553 296 611 de
319 553 409 610 domo
430 553 538 622 scribis,
563 552 620 610 hoc
639 562 682 611 est
705 553 741 610 de
763 570 838 621 area,
859 569 916 627 ego
936 568 1005 609 vero
1024 559 1088 608 tum

147 651 272 724 denique
286 649 356 706 mihi
370 649 492 708 videbor
506 651 660 719 restitutus,
676 651 699 708 si
714 650 762 707 illa
775 650 861 707 nobis
876 650 927 706 erit
941 648 1087 717 restituta3

147 766 245 805 verum
260 747 332 805 haec
351 765 412 804 non
433 758 500 805 sunt
520 748 550 805 in
571 758 670 805 nostra
690 766 797 805 manu:
818 745 888 804 illud
902 746 997 816 dole0,
1012 764 1089 822 quae

147 847 281 921 impensa
301 844 433 902 iacienda
454 857 505 914 est,
526 847 555 903 in
576 847 638 903 eius
659 856 770 920 partem
790 852 814 902 te
834 845 968 902 miseram
988 853 1018 901 et
1039 843 1090 901 de-

148 943 301 1017 spoliatam
324 942 430 1000 venire.
472 942 562 1013 Quod
586 943 611 1000 si
638 943 789 1000 conficitur
810 942 967 1018 negotium,
989 941 1090 999 omnia

149 1057 381 1114 consequemur3
411 1039 457 1099 sin
479 1040 582 1098 eadem
604 1057 658 1098 nos
683 1039 797 1096 fortuna
820 1047 941 1114 premet,
962 1038 1089 1096 etiamne

147 1137 282 1212 reliquias
297 1145 361 1194 tuas
376 1136 481 1194 misera
496 1137 640 1212 proicies?
662 1136 792 1196 Obsecro
808 1146 843 1206 te,
856 1154 922 1193 mea
931 1136 996 1205 vita,
1008 1137 1089 1211 quod

148 1234 186 1292 ad
214 1243 361 1309 sumptum
385 1234 493 1303 attinet,
522 1235 584 1292 sine
609 1234 689 1305 alios,
714 1235 764 1309 qui
792 1244 922 1310 possunt,
946 1233 970 1291 si
997 1233 1089 1291 modo

149 1331 257 1400 volunt,
280 1331 429 1400 sustinere,
451 1341 479 1388 et
500 1331 693 1389 valetudinem
713 1332 797 1389 istam
818 1332 970 1402 infirmam,
993 1330 1017 1388 si
1041 1348 1090 1388 me

149 1446 239 1498 amaa,
255 1429 315 1486 noli
328 1446 450 1486 vexare:
473 1447 541 1485 nam
552 1429 623 1486 mihi
637 1439 703 1486 ante
724 1428 826 1487 oculos
847 1429 908 1487 dies
929 1437 1090 1503 noctesque

150 1525 269 1582 versaris
277 1544 284 1595 ;
300 1542 403 1583 omnes
417 1525 531 1583 labores
545 1535 573 1583 te
588 1527 719 1602 excipere
734 1526 837 1598 vide03
859 1527 959 1594 time0,
974 1535 1006 1583 ut
1027 1543 1089 1583 sus-

149 1624 249 1680 tineas.
295 1621 353 1680 Sed
367 1623 452 1679 video
466 1623 497 1680 in
512 1633 540 1680 te
555 1640 618 1681 esse
639 1623 757 1680 omnia:
779 1641 837 1699 qua
850 1641 889 1693 re,
905 1633 936 1680 ut
957 1622 995 1692 id,
1010 1622 1091 1699 quod

151 1738 249 1795 speras
272 1729 300 1777 et
324 1719 406 1795 quod
428 1721 498 1793 agis,
522 1738 744 1795 consequamur,
764 1721 838 1777 servi
857 1718 1020 1777 valetudini.
1063 1739 1090 1792 4.

150 1817 225 1892 Ego,
248 1817 285 1874 ad
307 1835 382 1892 quos
407 1817 539 1887 scribam,
560 1818 669 1887 nescio,
689 1818 744 1876 nisi
765 1818 803 1875 ad
823 1835 881 1887 eos,
907 1818 957 1893 qui
981 1818 1020 1876 ad
1043 1835 1092 1875 me

151 1915 288 1982 scribunt,
304 1924 353 1971 aut
367 1914 404 1970 ad
419 1931 478 1982 eos,
491 1914 526 1971 de
542 1915 647 1990 quibus
662 1915 699 1973 ad
712 1934 760 1973 me
771 1933 822 1973 vos
837 1916 944 1990 aliquid
959 1916 1090 1975 scribitis.

152 2012 294 2087 Longius,
320 2013 458 2087 quoniam
483 2015 523 2070 ita
545 2015 627 2071 vobis
652 2013 754 2089 placet,
777 2032 838 2072 non
862 2015 1019 2085 discedam,
1039 2015 1092 2072 sed

151 2109 236 2166 velim
251 2126 341 2183 quam
356 2109 524 2183 saepissime
539 2110 644 2168 litteras
659 2111 784 2181 mittatis,
795 2113 971 2186 praesertim,
984 2113 1009 2169 si
1022 2112 1093 2187 quid

152 2219 195 2265 est
211 2207 329 2276 firmius,
341 2207 422 2281 quod
437 2224 593 2282 speremus.
622 2208 731 2279 valete,
746 2228 813 2267 mea
826 2209 977 2280 desideria,
991 2212 1091 2268 valete.

152 2304 189 2361 D.
204 2323 231 2362 a.
247 2305 275 2362 d.
290 2323 332 2362 111.
344 2303 424 2437 ίΝοιῖ.
440 2303 505 2363 Oct.
548 2306 766 2366 Thessalonica.

297 2400 326 2455 θ’
359 2400 391 2449 ir

339 2469 375 2526 18
428 2467 486 2524 AD
507 2466 757 2555 FAMJLJARES
778 2469 859 2528 XIV.
886 2489 910 2528 1.
1001 2521 1004 2527 .
1039 2488 1090 2577 ζεῖ

157 2579 222 2639 Son.
248 2578 439 2638 Drnnnacun
463 2598 524 2638 nn.
546 2544 594 2638 viu
607 2564 684 2640 Kar.
709 2581 885 2642 Dacauanns
912 2560 1093 2660 n.u.c.'‘696.

195 2702 322 2744 TULLIUS
343 2703 509 2743 TERENTIAE
529 2703 611 2757 SUAE,
632 2705 798 2746 TULLIOLAE
820 2707 901 2760 SUAE,
922 2709 1055 2750 CICERONI

465 2801 519 2844 SUO
539 2801 673 2844 SALUTEM
694 2804 781 2846 DICIT.

199 2909 222 2946 r.
241 2889 288 2948 Er
308 2889 407 2947 litteris
428 2888 582 2947 multomm
603 2901 632 2948 et
653 2909 785 2950 sermone
806 2894 937 2951 omnium
957 2893 1096 2969 perfertur

154 2987 191 3045 ad
212 3007 268 3059 me,
292 2987 491 3045 incredibilem
512 2998 592 3046 tuam
612 2989 744 3047 virtutem
765 3000 793 3048 et
814 2990 1009 3050 fortitudinem
1030 3010 1096 3051 esse

153 3096 239 3162 teque
254 3103 308 3144 nec
323 3085 412 3143 animi
429 3103 524 3160 neque
539 3088 669 3161 corporis
684 3087 830 3146 laboribus
844 3088 1001 3164 defatigari.
1045 3089 1097 3148 Me

155 3183 308 3240 miserum!
341 3193 370 3241 te
394 3183 449 3240 ista
471 3184 581 3255 virtute,
602 3184 669 3256 fide,
690 3185 841 3261 probitate,
865 3186 1042 3246 humanitate
1065 3188 1096 3245 in

154 3291 249 3338 tantas
277 3298 431 3338 aerumnas
460 3290 578 3356 propter
605 3300 652 3339 me
676 3281 829 3341 incidissel
881 3281 1097 3361 Tulliolamque

154 3388 290 3448 nostram,
305 3396 341 3436 ex
365 3396 423 3456 quo
446 3389 526 3455 patre
547 3389 641 3438 tantas
662 3379 823 3456 voluptates
845 3381 984 3456 capiebat,
1001 3401 1038 3441 ex
1059 3401 1097 3443 eo
