<?xml version="1.0" encoding="UTF-8"?>
<!DOCTYPE html PUBLIC "-//W3C//DTD XHTML 1.0 Transitional//EN"
    "http://www.w3.org/TR/xhtml1/DTD/xhtml1-transitional.dtd">
<html xmlns="http://www.w3.org/1999/xhtml" xml:lang="en" lang="en">
 <head>
  <title>
</title>
<meta http-equiv="Content-Type" content="text/html;charset=utf-8" />
  <meta name='ocr-system' content='tesseract 3.04.00' />
  <meta name='ocr-capabilities' content='ocr_page ocr_carea ocr_par ocr_line ocrx_word'/>
</head>
<body>
  <div class='ocr_page' id='page_1' title='image "./epistolaeselect00cicegoog/epistolaeselect00cicegoog_0224.png"; bbox 0 0 2392 3848; ppageno 0'>
   <div class='ocr_carea' id='block_1_1' title="bbox 118 176 1062 261">
    <p class='ocr_par' dir='ltr' id='par_1_1' title="bbox 118 176 1062 261">
     <span class='ocr_line' id='line_1_1' title="bbox 118 176 1062 261; baseline -0.002 -18"><span class='ocrx_word' id='word_1_1' title='bbox 118 176 180 244; x_wconf 82' lang='lat'>208</span> <span class='ocrx_word' id='word_1_2' title='bbox 272 229 275 234; x_wconf 91' lang='lat'>.</span> <span class='ocrx_word' id='word_1_3' title='bbox 394 191 434 241; x_wconf 83' lang='lat' dir='ltr'>u.</span> <span class='ocrx_word' id='word_1_4' title='bbox 458 190 578 240; x_wconf 80' lang='lat' dir='ltr'>rvuurr</span> <span class='ocrx_word' id='word_1_5' title='bbox 598 190 787 240; x_wconf 81' lang='lat' dir='ltr'>oronnorvrs</span> <span class='ocrx_word' id='word_1_6' title='bbox 937 176 1007 261; x_wconf 65' lang='lat' dir='ltr'>[vau</span> <span class='ocrx_word' id='word_1_7' title='bbox 1020 188 1062 242; x_wconf 76' lang='grc' dir='ltr'>ιν.</span> 
     </span>
    </p>
   </div>
   <div class='ocr_carea' id='block_1_2' title="bbox 116 346 1091 2275">
    <p class='ocr_par' dir='ltr' id='par_1_2' title="bbox 116 346 1091 2275">
     <span class='ocr_line' id='line_1_2' title="bbox 117 346 1062 424; baseline -0.001 -18"><span class='ocrx_word' id='word_1_8' title='bbox 117 347 248 421; x_wconf 90' lang='lat' dir='ltr'>consilio,</span> <span class='ocrx_word' id='word_1_9' title='bbox 269 348 428 408; x_wconf 88' lang='lat' dir='ltr'>sedetiam</span> <span class='ocrx_word' id='word_1_10' title='bbox 449 366 497 406; x_wconf 90' lang='lat' dir='ltr'>me</span> <span class='ocrx_word' id='word_1_11' title='bbox 517 358 642 419; x_wconf 89' lang='lat' dir='ltr'>auctore,</span> <span class='ocrx_word' id='word_1_12' title='bbox 663 357 708 407; x_wconf 90' lang='lat' dir='ltr'>est</span> <span class='ocrx_word' id='word_1_13' title='bbox 727 347 883 424; x_wconf 84' lang='lat' dir='ltr'>profectus.</span> <span class='ocrx_word' id='word_1_14' title='bbox 927 346 985 406; x_wconf 91' lang='lat' dir='ltr'>Cui</span> <span class='ocrx_word' id='word_1_15' title='bbox 1005 362 1062 423; x_wconf 86' lang='lat' dir='ltr'>ego</span> 
     </span>
     <span class='ocr_line' id='line_1_3' title="bbox 117 444 1091 523; baseline -0.003 -19"><span class='ocrx_word' id='word_1_16' title='bbox 117 446 402 504; x_wconf 85' lang='lat' dir='ltr'>commendationem</span> <span class='ocrx_word' id='word_1_17' title='bbox 420 463 480 504; x_wconf 91' lang='lat' dir='ltr'>non</span> <span class='ocrx_word' id='word_1_18' title='bbox 500 464 564 504; x_wconf 91' lang='lat' dir='ltr'>sum</span> <span class='ocrx_word' id='word_1_19' title='bbox 584 446 733 522; x_wconf 86' lang='lat' dir='ltr'><strong>pollicitus,</strong></span> <span class='ocrx_word' id='word_1_20' title='bbox 747 463 809 504; x_wconf 91' lang='lat' dir='ltr'>non</span> <span class='ocrx_word' id='word_1_21' title='bbox 822 445 894 523; x_wconf 90' lang='lat' dir='ltr'>quin</span> <span class='ocrx_word' id='word_1_22' title='bbox 914 462 982 503; x_wconf 88' lang='lat' dir='ltr'>eam</span> <span class='ocrx_word' id='word_1_23' title='bbox 996 444 1062 501; x_wconf 88' lang='lat' dir='ltr'>vali-</span> <span class='ocrx_word' id='word_1_24' title='bbox 1089 462 1091 471; x_wconf 93' lang='grc'><strong><em>·</em></strong></span> 
     </span>
     <span class='ocr_line' id='line_1_4' title="bbox 116 543 1063 620; baseline -0.001 -19"><span class='ocrx_word' id='word_1_25' title='bbox 116 553 211 601; x_wconf 88' lang='lat' dir='ltr'>turam</span> <span class='ocrx_word' id='word_1_26' title='bbox 224 543 303 619; x_wconf 92' lang='lat' dir='ltr'>apud</span> <span class='ocrx_word' id='word_1_27' title='bbox 321 552 349 601; x_wconf 91' lang='lat' dir='ltr'>te</span> <span class='ocrx_word' id='word_1_28' title='bbox 368 544 524 613; x_wconf 88' lang='lat' dir='ltr'>arbitrarer,</span> <span class='ocrx_word' id='word_1_29' title='bbox 539 543 591 602; x_wconf 87' lang='lat' dir='ltr'>sed</span> <span class='ocrx_word' id='word_1_30' title='bbox 605 562 701 620; x_wconf 91' lang='lat' dir='ltr'>neque</span> <span class='ocrx_word' id='word_1_31' title='bbox 714 562 800 618; x_wconf 89' lang='lat' dir='ltr'>egere</span> <span class='ocrx_word' id='word_1_32' title='bbox 817 543 890 602; x_wconf 88' lang='lat' dir='ltr'>mihi</span> <span class='ocrx_word' id='word_1_33' title='bbox 910 560 1063 602; x_wconf 90' lang='lat' dir='ltr'>commen·</span> 
     </span>
     <span class='ocr_line' id='line_1_5' title="bbox 117 640 1063 718; baseline 0 -20"><span class='ocrx_word' id='word_1_34' title='bbox 117 640 234 699; x_wconf 88' lang='lat' dir='ltr'>datione</span> <span class='ocrx_word' id='word_1_35' title='bbox 247 641 404 712; x_wconf 87' lang='lat' dir='ltr'>videbatur,</span> <span class='ocrx_word' id='word_1_36' title='bbox 419 641 469 716; x_wconf 92' lang='lat' dir='ltr'>qui</span> <span class='ocrx_word' id='word_1_37' title='bbox 483 652 512 699; x_wconf 90' lang='lat' dir='ltr'>et</span> <span class='ocrx_word' id='word_1_38' title='bbox 525 641 555 698; x_wconf 92' lang='lat' dir='ltr'>in</span> <span class='ocrx_word' id='word_1_39' title='bbox 571 641 648 699; x_wconf 88' lang='lat' dir='ltr'>bello</span> <span class='ocrx_word' id='word_1_40' title='bbox 667 651 763 700; x_wconf 89' lang='lat' dir='ltr'>tecum</span> <span class='ocrx_word' id='word_1_41' title='bbox 777 640 878 701; x_wconf 86' lang='lat' dir='ltr'>fuisset</span> <span class='ocrx_word' id='word_1_42' title='bbox 897 649 929 699; x_wconf 90' lang='lat' dir='ltr'>et</span> <span class='ocrx_word' id='word_1_43' title='bbox 942 649 1063 718; x_wconf 87' lang='lat' dir='ltr'>propter</span> 
     </span>
     <span class='ocr_line' id='line_1_6' title="bbox 118 737 1062 810; baseline -0.002 -14"><span class='ocrx_word' id='word_1_44' title='bbox 118 739 287 796; x_wconf 87' lang='lat' dir='ltr'>memoriam</span> <span class='ocrx_word' id='word_1_45' title='bbox 302 738 399 796; x_wconf 84' lang='lat' dir='ltr'>Crassi</span> <span class='ocrx_word' id='word_1_46' title='bbox 414 737 451 796; x_wconf 90' lang='lat' dir='ltr'>de</span> <span class='ocrx_word' id='word_1_47' title='bbox 464 740 520 797; x_wconf 92' lang='lat' dir='ltr'>tuis</span> <span class='ocrx_word' id='word_1_48' title='bbox 535 756 610 796; x_wconf 89' lang='lat' dir='ltr'>unus</span> <span class='ocrx_word' id='word_1_49' title='bbox 624 747 709 810; x_wconf 90' lang='lat' dir='ltr'>esset,</span> <span class='ocrx_word' id='word_1_50' title='bbox 725 749 761 808; x_wconf 89' lang='lat' dir='ltr'>et,</span> <span class='ocrx_word' id='word_1_51' title='bbox 776 739 801 797; x_wconf 92' lang='lat' dir='ltr'>si</span> <span class='ocrx_word' id='word_1_52' title='bbox 814 739 856 796; x_wconf 94' lang='lat' dir='ltr'>uti</span> <span class='ocrx_word' id='word_1_53' title='bbox 870 737 1062 796; x_wconf 85' lang='lat' dir='ltr'>commenda-</span> 
     </span>
     <span class='ocr_line' id='line_1_7' title="bbox 117 834 1062 911; baseline -0.001 -18"><span class='ocrx_word' id='word_1_54' title='bbox 117 836 244 894; x_wconf 89' lang='lat' dir='ltr'>tionibus</span> <span class='ocrx_word' id='word_1_55' title='bbox 261 835 353 906; x_wconf 87' lang='lat' dir='ltr'>vellet,</span> <span class='ocrx_word' id='word_1_56' title='bbox 368 837 454 894; x_wconf 91' lang='lat' dir='ltr'>etiam</span> <span class='ocrx_word' id='word_1_57' title='bbox 473 854 525 911; x_wconf 90' lang='lat' dir='ltr'>per</span> <span class='ocrx_word' id='word_1_58' title='bbox 543 836 616 894; x_wconf 86' lang='lat' dir='ltr'>alios</span> <span class='ocrx_word' id='word_1_59' title='bbox 634 854 702 894; x_wconf 91' lang='lat' dir='ltr'>eum</span> <span class='ocrx_word' id='word_1_60' title='bbox 715 837 850 894; x_wconf 86' lang='lat' dir='ltr'>videbam</span> <span class='ocrx_word' id='word_1_61' title='bbox 869 835 899 894; x_wconf 92' lang='lat' dir='ltr'>id</span> <span class='ocrx_word' id='word_1_62' title='bbox 919 834 1062 910; x_wconf 88' lang='lat' dir='ltr'>consequi</span> 
     </span>
     <span class='ocr_line' id='line_1_8' title="bbox 118 931 1062 1012; baseline 0 -21"><span class='ocrx_word' id='word_1_63' title='bbox 118 951 221 1009; x_wconf 87' lang='lat' dir='ltr'>posse;</span> <span class='ocrx_word' id='word_1_64' title='bbox 243 934 440 991; x_wconf 91' lang='lat' dir='ltr'>testimonium</span> <span class='ocrx_word' id='word_1_65' title='bbox 454 934 512 989; x_wconf 90' lang='lat' dir='ltr'>mei</span> <span class='ocrx_word' id='word_1_66' title='bbox 527 932 563 990; x_wconf 93' lang='lat' dir='ltr'>de</span> <span class='ocrx_word' id='word_1_67' title='bbox 577 951 614 992; x_wconf 91' lang='lat' dir='ltr'>eo</span> <span class='ocrx_word' id='word_1_68' title='bbox 628 931 733 1004; x_wconf 91' lang='lat' dir='ltr'>iudicii,</span> <span class='ocrx_word' id='word_1_69' title='bbox 747 933 828 1009; x_wconf 93' lang='lat' dir='ltr'>quod</span> <span class='ocrx_word' id='word_1_70' title='bbox 842 941 871 993; x_wconf 88' lang='lat' dir='ltr'>et</span> <span class='ocrx_word' id='word_1_71' title='bbox 881 934 947 1012; x_wconf 89' lang='lat' dir='ltr'>ipse</span> <span class='ocrx_word' id='word_1_72' title='bbox 961 934 1062 1008; x_wconf 89' lang='lat' dir='ltr'>magui</span> 
     </span>
     <span class='ocr_line' id='line_1_9' title="bbox 118 1030 1062 1108; baseline -0.001 -19"><span class='ocrx_word' id='word_1_73' title='bbox 118 1032 288 1089; x_wconf 87' lang='lat' dir='ltr'>aestimabat</span> <span class='ocrx_word' id='word_1_74' title='bbox 301 1040 330 1088; x_wconf 88' lang='lat' dir='ltr'>et</span> <span class='ocrx_word' id='word_1_75' title='bbox 344 1048 401 1104; x_wconf 90' lang='lat' dir='ltr'>ego</span> <span class='ocrx_word' id='word_1_76' title='bbox 419 1030 496 1105; x_wconf 87' lang='lat' dir='ltr'>apud</span> <span class='ocrx_word' id='word_1_77' title='bbox 510 1040 538 1087; x_wconf 91' lang='lat' dir='ltr'>te</span> <span class='ocrx_word' id='word_1_78' title='bbox 552 1031 645 1089; x_wconf 91' lang='lat' dir='ltr'>valere</span> <span class='ocrx_word' id='word_1_79' title='bbox 664 1049 743 1089; x_wconf 90' lang='lat' dir='ltr'>eram</span> <span class='ocrx_word' id='word_1_80' title='bbox 757 1043 902 1108; x_wconf 70' lang='lat' dir='ltr'>expertus</span> <span class='ocrx_word' id='word_1_81' title='bbox 918 1032 946 1090; x_wconf 91' lang='lat' dir='ltr'>ei</span> <span class='ocrx_word' id='word_1_82' title='bbox 960 1031 1062 1089; x_wconf 90' lang='lat' dir='ltr'>luben-</span> 
     </span>
     <span class='ocr_line' id='line_1_10' title="bbox 118 1127 1063 1205; baseline -0.001 -18"><span class='ocrx_word' id='word_1_83' title='bbox 118 1139 162 1188; x_wconf 89' lang='lat' dir='ltr'>ter</span> <span class='ocrx_word' id='word_1_84' title='bbox 179 1128 255 1187; x_wconf 89' lang='lat' dir='ltr'>dedi.</span> <span class='ocrx_word' id='word_1_85' title='bbox 297 1146 325 1201; x_wconf 84' lang='lat'>4.</span> <span class='ocrx_word' id='word_1_86' title='bbox 345 1127 473 1186; x_wconf 91' lang='lat' dir='ltr'>Doctum</span> <span class='ocrx_word' id='word_1_87' title='bbox 494 1128 579 1202; x_wconf 91' lang='lat' dir='ltr'>igitur</span> <span class='ocrx_word' id='word_1_88' title='bbox 592 1127 743 1187; x_wconf 91' lang='lat' dir='ltr'>hominem</span> <span class='ocrx_word' id='word_1_89' title='bbox 764 1130 890 1205; x_wconf 86' lang='lat' dir='ltr'>cognovi</span> <span class='ocrx_word' id='word_1_90' title='bbox 911 1139 941 1188; x_wconf 87' lang='lat' dir='ltr'>et</span> <span class='ocrx_word' id='word_1_91' title='bbox 960 1127 1063 1188; x_wconf 89' lang='lat' dir='ltr'>studiis</span> 
     </span>
     <span class='ocr_line' id='line_1_11' title="bbox 118 1226 1063 1303; baseline -0.002 -17"><span class='ocrx_word' id='word_1_92' title='bbox 118 1228 238 1303; x_wconf 92' lang='lat' dir='ltr'>optimis</span> <span class='ocrx_word' id='word_1_93' title='bbox 259 1226 397 1296; x_wconf 88' lang='lat' dir='ltr'>deditum,</span> <span class='ocrx_word' id='word_1_94' title='bbox 419 1226 505 1301; x_wconf 88' lang='lat' dir='ltr'>idque</span> <span class='ocrx_word' id='word_1_95' title='bbox 527 1244 545 1284; x_wconf 88' lang='lat' dir='ltr'>a</span> <span class='ocrx_word' id='word_1_96' title='bbox 564 1245 674 1302; x_wconf 89' lang='lat' dir='ltr'>puero:</span> <span class='ocrx_word' id='word_1_97' title='bbox 696 1246 764 1285; x_wconf 89' lang='lat' dir='ltr'>nam</span> <span class='ocrx_word' id='word_1_98' title='bbox 786 1227 866 1286; x_wconf 91' lang='lat' dir='ltr'>domi</span> <span class='ocrx_word' id='word_1_99' title='bbox 887 1245 973 1286; x_wconf 82' lang='lat' dir='ltr'>meae</span> <span class='ocrx_word' id='word_1_100' title='bbox 995 1244 1063 1286; x_wconf 85' lang='lat' dir='ltr'>cum</span> 
     </span>
     <span class='ocr_line' id='line_1_12' title="bbox 118 1323 1063 1397; baseline 0.001 -14"><span class='ocrx_word' id='word_1_101' title='bbox 118 1325 248 1383; x_wconf 92' lang='lat' dir='ltr'>Diodoto</span> <span class='ocrx_word' id='word_1_102' title='bbox 264 1324 372 1393; x_wconf 89' lang='lat' dir='ltr'>Stoico,</span> <span class='ocrx_word' id='word_1_103' title='bbox 387 1323 504 1382; x_wconf 86' lang='lat' dir='ltr'>homine</span> <span class='ocrx_word' id='word_1_104' title='bbox 518 1342 586 1382; x_wconf 92' lang='lat' dir='ltr'>meo</span> <span class='ocrx_word' id='word_1_105' title='bbox 600 1325 707 1384; x_wconf 92' lang='lat' dir='ltr'>iudicio</span> <span class='ocrx_word' id='word_1_106' title='bbox 722 1326 925 1397; x_wconf 90' lang='lat' dir='ltr'>eruditissim0,</span> <span class='ocrx_word' id='word_1_107' title='bbox 937 1325 1063 1384; x_wconf 90' lang='lat' dir='ltr'>multum</span> 
     </span>
     <span class='ocr_line' id='line_1_13' title="bbox 120 1421 1063 1498; baseline -0.002 -16"><span class='ocrx_word' id='word_1_108' title='bbox 120 1442 137 1482; x_wconf 91' lang='lat' dir='ltr'>a</span> <span class='ocrx_word' id='word_1_109' title='bbox 151 1440 241 1498; x_wconf 87' lang='lat' dir='ltr'>puero</span> <span class='ocrx_word' id='word_1_110' title='bbox 255 1421 324 1479; x_wconf 88' lang='lat' dir='ltr'>fuit:</span> <span class='ocrx_word' id='word_1_111' title='bbox 345 1439 423 1479; x_wconf 91' lang='lat' dir='ltr'>nunc</span> <span class='ocrx_word' id='word_1_112' title='bbox 442 1431 547 1492; x_wconf 90' lang='lat' dir='ltr'>autem,</span> <span class='ocrx_word' id='word_1_113' title='bbox 562 1423 697 1481; x_wconf 85' lang='lat' dir='ltr'>incensus</span> <span class='ocrx_word' id='word_1_114' title='bbox 716 1423 811 1483; x_wconf 87' lang='lat' dir='ltr'>studio</span> <span class='ocrx_word' id='word_1_115' title='bbox 825 1441 922 1482; x_wconf 87' lang='lat' dir='ltr'>rerum</span> <span class='ocrx_word' id='word_1_116' title='bbox 937 1433 1063 1492; x_wconf 88' lang='lat' dir='ltr'>tuarum,</span> 
     </span>
     <span class='ocr_line' id='line_1_14' title="bbox 119 1517 1063 1597; baseline -0.001 -17"><span class='ocrx_word' id='word_1_117' title='bbox 119 1539 169 1581; x_wconf 89' lang='lat' dir='ltr'>eas</span> <span class='ocrx_word' id='word_1_118' title='bbox 193 1520 292 1577; x_wconf 90' lang='lat' dir='ltr'>litteris</span> <span class='ocrx_word' id='word_1_119' title='bbox 313 1517 432 1577; x_wconf 90' lang='lat' dir='ltr'>Graecis</span> <span class='ocrx_word' id='word_1_120' title='bbox 456 1520 595 1577; x_wconf 87' lang='lat' dir='ltr'>mandare</span> <span class='ocrx_word' id='word_1_121' title='bbox 620 1522 761 1597; x_wconf 91' lang='lat' dir='ltr'>cupiebat.</span> <span class='ocrx_word' id='word_1_122' title='bbox 805 1519 897 1581; x_wconf 90' lang='lat' dir='ltr'>Posse</span> <span class='ocrx_word' id='word_1_123' title='bbox 922 1522 1063 1581; x_wconf 87' lang='lat' dir='ltr'>arbitror:</span> 
     </span>
     <span class='ocr_line' id='line_1_15' title="bbox 119 1615 1064 1696; baseline 0.002 -20"><span class='ocrx_word' id='word_1_124' title='bbox 119 1618 193 1677; x_wconf 89' lang='lat' dir='ltr'>valet</span> <span class='ocrx_word' id='word_1_125' title='bbox 212 1617 348 1691; x_wconf 90' lang='lat' dir='ltr'>ingenio;</span> <span class='ocrx_word' id='word_1_126' title='bbox 377 1615 464 1674; x_wconf 87' lang='lat' dir='ltr'>habet</span> <span class='ocrx_word' id='word_1_127' title='bbox 484 1634 587 1688; x_wconf 90' lang='lat' dir='ltr'>usum;</span> <span class='ocrx_word' id='word_1_128' title='bbox 615 1616 674 1676; x_wconf 91' lang='lat' dir='ltr'>iam</span> <span class='ocrx_word' id='word_1_129' title='bbox 696 1618 809 1694; x_wconf 91' lang='lat' dir='ltr'>pridem</span> <span class='ocrx_word' id='word_1_130' title='bbox 830 1619 861 1677; x_wconf 91' lang='lat' dir='ltr'>in</span> <span class='ocrx_word' id='word_1_131' title='bbox 889 1636 926 1677; x_wconf 89' lang='lat' dir='ltr'>eo</span> <span class='ocrx_word' id='word_1_132' title='bbox 955 1638 1064 1696; x_wconf 87' lang='lat' dir='ltr'>genere</span> 
     </span>
     <span class='ocr_line' id='line_1_16' title="bbox 120 1714 1065 1788; baseline 0 -13"><span class='ocrx_word' id='word_1_133' title='bbox 120 1715 204 1775; x_wconf 89' lang='lat' dir='ltr'>studii</span> <span class='ocrx_word' id='word_1_134' title='bbox 228 1714 441 1788; x_wconf 89' lang='lat' dir='ltr'>litterarumque</span> <span class='ocrx_word' id='word_1_135' title='bbox 468 1724 613 1786; x_wconf 88' lang='lat' dir='ltr'>versatur;</span> <span class='ocrx_word' id='word_1_136' title='bbox 643 1716 711 1774; x_wconf 90' lang='lat' dir='ltr'>satis</span> <span class='ocrx_word' id='word_1_137' title='bbox 735 1715 830 1774; x_wconf 87' lang='lat' dir='ltr'>facere</span> <span class='ocrx_word' id='word_1_138' title='bbox 855 1715 1065 1775; x_wconf 85' lang='lat' dir='ltr'>immortalitati</span> 
     </span>
     <span class='ocr_line' id='line_1_17' title="bbox 120 1811 1064 1889; baseline 0.001 -18"><span class='ocrx_word' id='word_1_139' title='bbox 120 1813 238 1871; x_wconf 87' lang='lat' dir='ltr'>laudum</span> <span class='ocrx_word' id='word_1_140' title='bbox 252 1821 365 1870; x_wconf 90' lang='lat' dir='ltr'>tuarum</span> <span class='ocrx_word' id='word_1_141' title='bbox 379 1811 543 1869; x_wconf 89' lang='lat' dir='ltr'>mirabiliter</span> <span class='ocrx_word' id='word_1_142' title='bbox 559 1811 646 1887; x_wconf 91' lang='lat' dir='ltr'>cupit.</span> <span class='ocrx_word' id='word_1_143' title='bbox 688 1811 791 1871; x_wconf 89' lang='lat' dir='ltr'>Habes</span> <span class='ocrx_word' id='word_1_144' title='bbox 810 1813 960 1889; x_wconf 90' lang='lat' dir='ltr'>opinionis</span> <span class='ocrx_word' id='word_1_145' title='bbox 979 1832 1064 1873; x_wconf 90' lang='lat' dir='ltr'>meae</span> 
     </span>
     <span class='ocr_line' id='line_1_18' title="bbox 121 1906 1065 1987; baseline 0 -18"><span class='ocrx_word' id='word_1_146' title='bbox 121 1910 326 1976; x_wconf 89' lang='lat' dir='ltr'>testimonium,</span> <span class='ocrx_word' id='word_1_147' title='bbox 342 1907 393 1965; x_wconf 88' lang='lat' dir='ltr'>sed</span> <span class='ocrx_word' id='word_1_148' title='bbox 414 1918 445 1965; x_wconf 95' lang='lat' dir='ltr'>tu</span> <span class='ocrx_word' id='word_1_149' title='bbox 465 1906 521 1965; x_wconf 92' lang='lat' dir='ltr'>hoc</span> <span class='ocrx_word' id='word_1_150' title='bbox 540 1907 649 1966; x_wconf 87' lang='lat' dir='ltr'>facibus</span> <span class='ocrx_word' id='word_1_151' title='bbox 669 1909 761 1967; x_wconf 90' lang='lat' dir='ltr'>multo</span> <span class='ocrx_word' id='word_1_152' title='bbox 781 1926 836 1984; x_wconf 90' lang='lat' dir='ltr'>pro</span> <span class='ocrx_word' id='word_1_153' title='bbox 854 1919 904 1968; x_wconf 90' lang='lat' dir='ltr'>tua</span> <span class='ocrx_word' id='word_1_154' title='bbox 924 1910 1065 1987; x_wconf 83' lang='lat' dir='ltr'>singulari</span> 
     </span>
     <span class='ocr_line' id='line_1_19' title="bbox 121 2005 1065 2084; baseline 0.001 -20"><span class='ocrx_word' id='word_1_155' title='bbox 121 2006 272 2084; x_wconf 88' lang='lat' dir='ltr'>prudentia</span> <span class='ocrx_word' id='word_1_156' title='bbox 292 2006 439 2064; x_wconf 90' lang='lat' dir='ltr'>iudicabis.</span> <span class='ocrx_word' id='word_1_157' title='bbox 480 2005 518 2063; x_wconf 92' lang='lat' dir='ltr'>Et</span> <span class='ocrx_word' id='word_1_158' title='bbox 540 2016 647 2077; x_wconf 90' lang='lat' dir='ltr'>tamen,</span> <span class='ocrx_word' id='word_1_159' title='bbox 668 2006 750 2082; x_wconf 93' lang='lat' dir='ltr'>quod</span> <span class='ocrx_word' id='word_1_160' title='bbox 774 2025 961 2082; x_wconf 86' lang='lat' dir='ltr'>negaveram,</span> <span class='ocrx_word' id='word_1_161' title='bbox 982 2026 1065 2067; x_wconf 91' lang='lat' dir='ltr'>com·</span> 
     </span>
     <span class='ocr_line' id='line_1_20' title="bbox 121 2103 1066 2179; baseline 0.003 -17"><span class='ocrx_word' id='word_1_162' title='bbox 121 2104 228 2162; x_wconf 91' lang='lat' dir='ltr'>mendo</span> <span class='ocrx_word' id='word_1_163' title='bbox 243 2105 294 2161; x_wconf 92' lang='lat' dir='ltr'>tibi</span> <span class='ocrx_word' id='word_1_164' title='bbox 308 2122 375 2162; x_wconf 90' lang='lat' dir='ltr'>eum</span> <span class='ocrx_word' id='word_1_165' title='bbox 388 2123 395 2160; x_wconf 73' lang='grc' dir='ltr'><strong><em>ε</em></strong></span> <span class='ocrx_word' id='word_1_166' title='bbox 417 2103 553 2179; x_wconf 92' lang='lat' dir='ltr'>quicquid</span> <span class='ocrx_word' id='word_1_167' title='bbox 567 2105 594 2161; x_wconf 92' lang='lat' dir='ltr'>ei</span> <span class='ocrx_word' id='word_1_168' title='bbox 607 2103 847 2176; x_wconf 88' lang='lat' dir='ltr'>commodaveris,</span> <span class='ocrx_word' id='word_1_169' title='bbox 858 2105 913 2165; x_wconf 88' lang='lat' dir='ltr'>erit</span> <span class='ocrx_word' id='word_1_170' title='bbox 926 2106 959 2166; x_wconf 92' lang='lat' dir='ltr'>id</span> <span class='ocrx_word' id='word_1_171' title='bbox 972 2109 1066 2166; x_wconf 86' lang='lat' dir='ltr'>maio·</span> 
     </span>
     <span class='ocr_line' id='line_1_21' title="bbox 120 2200 578 2275; baseline 0.004 -16"><span class='ocrx_word' id='word_1_172' title='bbox 120 2219 183 2260; x_wconf 89' lang='lat' dir='ltr'>rem</span> <span class='ocrx_word' id='word_1_173' title='bbox 195 2201 269 2258; x_wconf 80' lang='lat' dir='ltr'>mz&#39;lzz&#39;</span> <span class='ocrx_word' id='word_1_174' title='bbox 278 2201 308 2258; x_wconf 91' lang='lat' dir='ltr'>in</span> <span class='ocrx_word' id='word_1_175' title='bbox 322 2200 443 2258; x_wconf 90' lang='lat' dir='ltr'>modum</span> <span class='ocrx_word' id='word_1_176' title='bbox 455 2209 578 2275; x_wconf 90' lang='lat' dir='ltr'>gratum.</span> 
     </span>
    </p>
   </div>
   <div class='ocr_carea' id='block_1_3' title="bbox 317 2354 862 2431">
    <p class='ocr_par' dir='ltr' id='par_1_3' title="bbox 317 2354 862 2431">
     <span class='ocr_line' id='line_1_22' title="bbox 317 2354 862 2431; baseline 0.004 -17"><span class='ocrx_word' id='word_1_177' title='bbox 317 2360 364 2415; x_wconf 79' lang='lat' dir='ltr'>aa.</span> <span class='ocrx_word' id='word_1_178' title='bbox 404 2355 462 2413; x_wconf 78' lang='lat' dir='ltr'>nu</span> <span class='ocrx_word' id='word_1_179' title='bbox 484 2354 737 2415; x_wconf 78' lang='lat' dir='ltr'>vnntrnrnuns</span> <span class='ocrx_word' id='word_1_180' title='bbox 759 2356 812 2417; x_wconf 92' lang='lat' dir='ltr'>1v.</span> <span class='ocrx_word' id='word_1_181' title='bbox 836 2370 862 2431; x_wconf 83' lang='lat'>5.</span> 
     </span>
    </p>
   </div>
   <div class='ocr_carea' id='block_1_4' title="bbox 265 2469 920 2637">
    <p class='ocr_par' dir='ltr' id='par_1_4' title="bbox 265 2469 920 2637">
     <span class='ocr_line' id='line_1_23' title="bbox 265 2469 920 2548; baseline 0.009 -20"><span class='ocrx_word' id='word_1_182' title='bbox 265 2469 330 2530; x_wconf 81' lang='lat' dir='ltr'>Scn.</span> <span class='ocrx_word' id='word_1_183' title='bbox 352 2469 483 2529; x_wconf 82' lang='lat' dir='ltr'>Arnnurs</span> <span class='ocrx_word' id='word_1_184' title='bbox 504 2489 597 2529; x_wconf 83' lang='lat' dir='ltr'>nnusn</span> <span class='ocrx_word' id='word_1_185' title='bbox 617 2471 723 2528; x_wconf 77' lang='lat' dir='ltr'>Arnrnr</span> <span class='ocrx_word' id='word_1_186' title='bbox 744 2489 827 2531; x_wconf 71' lang='lat' dir='ltr'>auc.</span> <span class='ocrx_word' id='word_1_187' title='bbox 851 2486 920 2548; x_wconf 81' lang='lat'><strong>709.</strong></span> 
     </span>
     <span class='ocr_line' id='line_1_24' title="bbox 433 2594 746 2637; baseline 0.003 -2"><span class='ocrx_word' id='word_1_188' title='bbox 433 2595 551 2636; x_wconf 78' lang='lat' dir='ltr'>sunvrus</span> <span class='ocrx_word' id='word_1_189' title='bbox 571 2595 704 2637; x_wconf 79' lang='lat' dir='ltr'>crcnnonn</span> <span class='ocrx_word' id='word_1_190' title='bbox 724 2594 746 2636; x_wconf 92' lang='lat' dir='ltr'>s.</span> 
     </span>
    </p>
   </div>
   <div class='ocr_carea' id='block_1_5' title="bbox 122 2689 1069 3446">
    <p class='ocr_par' dir='ltr' id='par_1_5' title="bbox 122 2689 1069 3446">
     <span class='ocr_line' id='line_1_25' title="bbox 166 2689 1067 2766; baseline 0.004 -17"><span class='ocrx_word' id='word_1_191' title='bbox 166 2709 191 2750; x_wconf 92' lang='lat'>1.</span> <span class='ocrx_word' id='word_1_192' title='bbox 211 2689 327 2749; x_wconf 78' lang='lat' dir='ltr'>Posrnn</span> <span class='ocrx_word' id='word_1_193' title='bbox 340 2706 429 2765; x_wconf 90' lang='lat' dir='ltr'>quam</span> <span class='ocrx_word' id='word_1_194' title='bbox 442 2690 512 2748; x_wconf 90' lang='lat' dir='ltr'>mihi</span> <span class='ocrx_word' id='word_1_195' title='bbox 526 2691 720 2748; x_wconf 88' lang='lat' dir='ltr'>renuntiatum</span> <span class='ocrx_word' id='word_1_196' title='bbox 735 2700 779 2748; x_wconf 91' lang='lat' dir='ltr'>est</span> <span class='ocrx_word' id='word_1_197' title='bbox 792 2690 829 2748; x_wconf 89' lang='lat' dir='ltr'>de</span> <span class='ocrx_word' id='word_1_198' title='bbox 843 2690 927 2750; x_wconf 92' lang='lat' dir='ltr'>obitu</span> <span class='ocrx_word' id='word_1_199' title='bbox 941 2691 1067 2766; x_wconf 88' lang='lat' dir='ltr'>Tulliae,</span> 
     </span>
     <span class='ocr_line' id='line_1_26' title="bbox 122 2787 1067 2868; baseline 0.002 -21"><span class='ocrx_word' id='word_1_200' title='bbox 122 2790 197 2847; x_wconf 87' lang='lat' dir='ltr'>filiae</span> <span class='ocrx_word' id='word_1_201' title='bbox 211 2799 284 2857; x_wconf 90' lang='lat' dir='ltr'>tuae,</span> <span class='ocrx_word' id='word_1_202' title='bbox 297 2805 366 2845; x_wconf 87' lang='lat' dir='ltr'>sane</span> <span class='ocrx_word' id='word_1_203' title='bbox 380 2805 467 2862; x_wconf 88' lang='lat' dir='ltr'>quam</span> <span class='ocrx_word' id='word_1_204' title='bbox 478 2805 532 2861; x_wconf 88' lang='lat' dir='ltr'>pro</span> <span class='ocrx_word' id='word_1_205' title='bbox 546 2805 582 2846; x_wconf 92' lang='lat' dir='ltr'>eo</span> <span class='ocrx_word' id='word_1_206' title='bbox 597 2805 631 2845; x_wconf 88' lang='lat' dir='ltr'>ac</span> <span class='ocrx_word' id='word_1_207' title='bbox 646 2787 732 2844; x_wconf 86' lang='lat' dir='ltr'>debui</span> <span class='ocrx_word' id='word_1_208' title='bbox 746 2787 869 2863; x_wconf 88' lang='lat' dir='ltr'>graviter</span> <span class='ocrx_word' id='word_1_209' title='bbox 882 2790 1067 2868; x_wconf 90' lang='lat' dir='ltr'>molesteque</span> 
     </span>
     <span class='ocr_line' id='line_1_27' title="bbox 122 2884 1069 2965; baseline 0.003 -20"><span class='ocrx_word' id='word_1_210' title='bbox 122 2887 173 2945; x_wconf 88' lang='lat' dir='ltr'>tuli</span> <span class='ocrx_word' id='word_1_211' title='bbox 196 2901 439 2959; x_wconf 89' lang='lat' dir='ltr'>communemque</span> <span class='ocrx_word' id='word_1_212' title='bbox 463 2902 528 2941; x_wconf 90' lang='lat' dir='ltr'>eam</span> <span class='ocrx_word' id='word_1_213' title='bbox 553 2884 744 2943; x_wconf 88' lang='lat' dir='ltr'>calamitatem</span> <span class='ocrx_word' id='word_1_214' title='bbox 768 2885 937 2957; x_wconf 83' lang='lat' dir='ltr'>existimavi,</span> <span class='ocrx_word' id='word_1_215' title='bbox 962 2889 1022 2965; x_wconf 91' lang='lat' dir='ltr'>qui,</span> <span class='ocrx_word' id='word_1_216' title='bbox 1044 2889 1069 2948; x_wconf 92' lang='lat' dir='ltr'>si</span> 
     </span>
     <span class='ocr_line' id='line_1_28' title="bbox 122 2980 1068 3059; baseline 0.004 -19"><span class='ocrx_word' id='word_1_217' title='bbox 122 2983 185 3041; x_wconf 91' lang='lat' dir='ltr'>istic</span> <span class='ocrx_word' id='word_1_218' title='bbox 210 2982 373 3051; x_wconf 89' lang='lat' dir='ltr'>adfuissem,</span> <span class='ocrx_word' id='word_1_219' title='bbox 399 2997 494 3054; x_wconf 90' lang='lat' dir='ltr'>neque</span> <span class='ocrx_word' id='word_1_220' title='bbox 518 2981 569 3039; x_wconf 89' lang='lat' dir='ltr'>tibi</span> <span class='ocrx_word' id='word_1_221' title='bbox 597 2980 754 3038; x_wconf 85' lang='lat' dir='ltr'>defuissem</span> <span class='ocrx_word' id='word_1_222' title='bbox 777 2999 938 3059; x_wconf 87' lang='lat' dir='ltr'>coramque</span> <span class='ocrx_word' id='word_1_223' title='bbox 966 3003 1068 3044; x_wconf 89' lang='lat' dir='ltr'>meum</span> 
     </span>
     <span class='ocr_line' id='line_1_29' title="bbox 122 3076 1068 3152; baseline 0.004 -15"><span class='ocrx_word' id='word_1_224' title='bbox 122 3079 253 3137; x_wconf 88' lang='lat' dir='ltr'>dolorem</span> <span class='ocrx_word' id='word_1_225' title='bbox 273 3079 325 3136; x_wconf 94' lang='lat' dir='ltr'>tibi</span> <span class='ocrx_word' id='word_1_226' title='bbox 346 3076 544 3136; x_wconf 89' lang='lat' dir='ltr'>declarassem.</span> <span class='ocrx_word' id='word_1_227' title='bbox 586 3077 648 3134; x_wconf 90' lang='lat' dir='ltr'>Etsi</span> <span class='ocrx_word' id='word_1_228' title='bbox 669 3095 762 3152; x_wconf 88' lang='lat' dir='ltr'>genus</span> <span class='ocrx_word' id='word_1_229' title='bbox 778 3077 836 3137; x_wconf 93' lang='lat' dir='ltr'>hoc</span> <span class='ocrx_word' id='word_1_230' title='bbox 855 3081 1068 3141; x_wconf 90' lang='lat' dir='ltr'>consolationis</span> 
     </span>
     <span class='ocr_line' id='line_1_30' title="bbox 123 3175 1068 3256; baseline 0.006 -21"><span class='ocrx_word' id='word_1_231' title='bbox 123 3179 261 3235; x_wconf 87' lang='lat' dir='ltr'>miserum</span> <span class='ocrx_word' id='word_1_232' title='bbox 280 3186 365 3252; x_wconf 87' lang='lat' dir='ltr'>atque</span> <span class='ocrx_word' id='word_1_233' title='bbox 384 3175 521 3234; x_wconf 88' lang='lat' dir='ltr'>acerbum</span> <span class='ocrx_word' id='word_1_234' title='bbox 540 3185 591 3245; x_wconf 92' lang='lat' dir='ltr'>est,</span> <span class='ocrx_word' id='word_1_235' title='bbox 606 3185 759 3251; x_wconf 88' lang='lat' dir='ltr'>propterea</span> <span class='ocrx_word' id='word_1_236' title='bbox 773 3177 849 3252; x_wconf 88' lang='lat' dir='ltr'>quia,</span> <span class='ocrx_word' id='word_1_237' title='bbox 865 3197 917 3254; x_wconf 91' lang='lat' dir='ltr'>per</span> <span class='ocrx_word' id='word_1_238' title='bbox 936 3199 1014 3256; x_wconf 88' lang='lat' dir='ltr'>quos</span> <span class='ocrx_word' id='word_1_239' title='bbox 1033 3200 1068 3240; x_wconf 89' lang='lat' dir='ltr'>ea</span> 
     </span>
     <span class='ocr_line' id='line_1_31' title="bbox 124 3268 1067 3354; baseline 0.002 -22"><span class='ocrx_word' id='word_1_240' title='bbox 124 3273 243 3332; x_wconf 90' lang='lat' dir='ltr'>confieri</span> <span class='ocrx_word' id='word_1_241' title='bbox 262 3274 348 3332; x_wconf 87' lang='lat' dir='ltr'>debet</span> <span class='ocrx_word' id='word_1_242' title='bbox 364 3269 556 3351; x_wconf 88' lang='lat' dir='ltr'>[propinquos</span> <span class='ocrx_word' id='word_1_243' title='bbox 575 3289 609 3329; x_wconf 90' lang='lat' dir='ltr'>ac</span> <span class='ocrx_word' id='word_1_244' title='bbox 623 3268 799 3354; x_wconf 85' lang='lat' dir='ltr'>familiares],</span> <span class='ocrx_word' id='word_1_245' title='bbox 814 3274 834 3331; x_wconf 91' lang='lat' dir='ltr'>ii</span> <span class='ocrx_word' id='word_1_246' title='bbox 848 3275 904 3351; x_wconf 91' lang='lat' dir='ltr'>ipsi</span> <span class='ocrx_word' id='word_1_247' title='bbox 919 3279 984 3352; x_wconf 87' lang='lat' dir='ltr'>pari</span> <span class='ocrx_word' id='word_1_248' title='bbox 1002 3297 1067 3338; x_wconf 92' lang='lat' dir='ltr'>mo-</span> 
     </span>
     <span class='ocr_line' id='line_1_32' title="bbox 122 3367 1067 3446; baseline 0.007 -16"><span class='ocrx_word' id='word_1_249' title='bbox 122 3371 205 3431; x_wconf 86' lang='lat' dir='ltr'>lestia</span> <span class='ocrx_word' id='word_1_250' title='bbox 232 3370 402 3429; x_wconf 74' lang='lat' dir='ltr'>adficiuntur</span> <span class='ocrx_word' id='word_1_251' title='bbox 425 3386 520 3446; x_wconf 85' lang='lat' dir='ltr'>neque</span> <span class='ocrx_word' id='word_1_252' title='bbox 547 3369 610 3426; x_wconf 79' lang='lat' dir='ltr'>sine</span> <span class='ocrx_word' id='word_1_253' title='bbox 634 3367 757 3430; x_wconf 88' lang='lat' dir='ltr'>lacrimis</span> <span class='ocrx_word' id='word_1_254' title='bbox 785 3371 882 3432; x_wconf 91' lang='lat' dir='ltr'>multis</span> <span class='ocrx_word' id='word_1_255' title='bbox 907 3373 939 3433; x_wconf 91' lang='lat' dir='ltr'>id</span> <span class='ocrx_word' id='word_1_256' title='bbox 967 3380 1067 3437; x_wconf 88' lang='lat' dir='ltr'>conari</span> 
     </span>
    </p>
   </div>
   <div class='ocr_carea' id='block_1_6' title="bbox 0 0 1208 3848">
    <p class='ocr_par' dir='ltr' id='par_1_6' title="bbox 0 0 1208 3848">
     <span class='ocr_line' id='line_1_33' title="bbox 0 0 1208 3848; baseline 0 0"><span class='ocrx_word' id='word_1_257' title='bbox 0 0 1208 3848; x_wconf 95' lang='lat' dir='ltr'> </span> 
     </span>
    </p>
   </div>
  </div>
 </body>
</html>
