2498 3840
153 226 195 288 ap.
211 201 267 295 μ]
317 212 438 274 ΕΡιεΤ.·
454 221 504 272 An
524 223 747 274 sturemare
773 211 849 277 urit.
874 228 922 292 14.
1035 199 1095 294 i17

152 392 238 434 suum
259 393 437 450 quemquam
457 385 517 433 tam
538 375 632 434 oderit
650 362 746 452 quarn¹
763 395 819 446 me,
834 359 920 451 atque
939 392 975 433 eo
994 376 1097 451 magis,

153 468 234 544 quod
255 487 308 543 per
331 468 464 527 iniuriam
485 470 539 527 sibi
560 479 642 546 putat
663 479 833 546 auguratum
856 480 995 544 ereptum,
1017 470 1098 527 cuius

151 585 210 643 ego
238 576 340 624 auctor
367 564 479 624 luerim.
531 565 618 625 Nunc
646 566 712 625 furit
736 577 795 624 tam
823 567 938 641 gavisos
965 565 1098 624 homines

152 683 238 723 suum
253 663 384 721 dolorem
398 680 548 739 unumque
566 664 655 722 modo
674 681 723 722 me
742 663 946 721 studiosiorem
960 662 1097 721 Antonii:

151 779 221 819 narn
250 760 305 820 Cn.
328 761 515 819 Saturninum
542 761 757 820 adulescentem
786 761 848 836 ipse
877 759 931 818 Cn.
952 759 1099 819 Domitius

150 877 235 916 reum
254 857 331 929 lecit,
346 877 417 916 sane
431 876 519 934 quam
541 859 687 935 superiore
701 877 719 917 a
732 859 789 917 vita
807 858 996 928 invidiosum;
1019 859 1100 933 quod

150 954 291 1014 iudicium
312 974 391 1014 nunc
412 956 443 1012 in
463 957 680 1031 exspectatione
701 966 753 1027 est,
775 955 862 1013 etiam
883 956 913 1012 in
934 956 1013 1014 bona
1037 973 1098 1030 spe,

151 1064 221 1130 post
236 1053 304 1111 Sex.
319 1052 462 1111 Peducaei
477 1053 699 1111 absolutionem.
743 1072 768 1112 a.
790 1053 837 1112 De
852 1071 1011 1111 summare
1025 1055 1099 1129 pub·

150 1153 208 1211 lica
222 1169 310 1226 saepe
330 1150 381 1207 tibi
396 1149 505 1225 scripsi,
524 1168 573 1207 me
593 1168 722 1208 annuam
743 1168 847 1226 pacem
869 1168 931 1208 non
951 1150 1056 1221 videre,
1071 1161 1100 1209 et

151 1267 213 1327 quo
227 1248 348 1325 propius
368 1265 402 1304 ea
420 1246 576 1313 contentio,
591 1265 679 1322 quarn
699 1247 759 1305 fieri
778 1265 898 1306 necesse
912 1257 964 1319 est,
979 1248 1098 1319 accedit,

151 1365 191 1407 eo
206 1347 310 1405 clarius
325 1345 354 1402 id
375 1344 535 1420 periculum
549 1355 678 1420 apparet.
719 1345 905 1420 Propositum
924 1345 981 1404 hoc
995 1355 1047 1417 est,
1062 1345 1099 1404 de

151 1463 222 1522 quo,
251 1443 302 1520 qui
328 1459 424 1500 rerum
451 1442 608 1516 potiuntur,
637 1451 705 1500 sunt
737 1442 905 1513 dimicaturi,
935 1444 1015 1521 quod
1043 1443 1097 1503 Cn.

152 1543 313 1618 Pompeius
328 1539 476 1598 constituit
496 1557 558 1597 non
577 1540 637 1615 pati
652 1539 686 1599 C.
701 1539 857 1599 Caesarem
878 1541 1027 1600 consulem
1047 1543 1098 1601 ali·

151 1654 197 1701 ter
217 1640 287 1710 fieri,
309 1637 365 1695 nisi
386 1636 542 1694 exercitum
564 1646 592 1694 et
613 1638 775 1713 provincias
795 1638 941 1697 tradiderit
951 1657 959 1711 ;
981 1638 1099 1698 Caesari

153 1749 252 1799 autern
273 1751 444 1812 persuasum
465 1744 509 1792 est
532 1752 563 1792 se
592 1734 702 1792 salvum
726 1753 790 1793 esse
813 1753 874 1793 non
896 1754 993 1812 posse,
1013 1738 1044 1794 εἰ
1061 1739 1099 1795 ab

152 1836 283 1897 exercitu
307 1831 467 1891 recesserit.
508 1831 575 1892 Fert
602 1831 681 1890 illam
705 1842 803 1894 tamen
830 1834 1042 1903 condicionem,
1067 1844 1100 1892 ut

153 1936 245 1994 ambo
274 1930 416 1989 exercitus
445 1927 566 1986 tradant.
616 1929 663 1988 Sic
692 1930 730 1988 illi
759 1949 874 1989 amores
902 1942 930 1990 et
958 1932 1100 1991 invidiosa

153 2029 323 2092 coniunctio
346 2045 407 2085 non
428 2026 467 2083 ad
487 2025 631 2085 occultam
656 2029 756 2087 recidit
778 2031 1026 2099 obtrectationem,
1048 2030 1100 2088 sed

152 2131 193 2190 ad
207 2129 314 2187 bellum
334 2144 366 2184 se
380 2124 491 2199 erupit;
513 2142 617 2201 neque,
632 2145 762 2185 mearum
783 2147 879 2186 rerum
899 2127 969 2204 quid
988 2128 1100 2186 consilii

152 2229 278 2305 capiam,
293 2223 424 2300 reperi03
448 2222 527 2298 quod
546 2241 608 2280 non
627 2224 737 2297 dubito,
752 2227 822 2301 quin
842 2236 869 2283 te
889 2243 1007 2301 quoque
1027 2225 1099 2284 haec

153 2323 324 2387 deliberatio
346 2320 382 2378 sit
402 2321 609 2396 perturbatura.
650 2321 728 2381 Nam
753 2323 823 2381 mibi
844 2341 912 2381 cum
932 2323 1100 2383 hominibus

152 2427 200 2485 his
214 2431 244 2482 et
258 2418 349 2496 gratia
363 2427 392 2475 et
406 2418 590 2477 necessitudo
605 2429 667 2478 est:
689 2438 808 2479 causam
828 2421 914 2490 illam,
929 2439 991 2479 non
1004 2421 1100 2479 homi·

153 2540 209 2582 nes
222 2519 283 2578 odi.
327 2535 353 2590 3.
374 2514 449 2572 Illud
470 2523 500 2572 te
521 2533 581 2573 non
603 2518 724 2575 arbitror
745 2516 853 2593 sugere,
875 2518 945 2594 quin
965 2517 1100 2577 homines

153 2623 186 2680 in
208 2615 389 2676 dissensione
404 2613 564 2671 domestica
579 2614 712 2685 debeant,
727 2633 815 2690 quam
837 2615 886 2672 diu
907 2615 1023 2674 civiliter
1037 2616 1099 2674 sine

154 2716 243 2777 armis
265 2722 395 2781 certetur,
414 2711 611 2768 honestiorem
631 2712 713 2787 sequi
730 2723 850 2788 partem,
868 2714 918 2770 ubi
937 2713 975 2771 ad
991 2713 1100 2770 bellum

154 2827 185 2876 et
206 2822 302 2872 castra
325 2820 444 2866 ventum
470 2808 511 2879 sit,
536 2808 702 2877 firmiorem,
725 2819 754 2867 et
781 2810 812 2869 id
839 2811 941 2868 melius
966 2821 1099 2881 statuere,

154 2911 236 2992 quod
257 2908 347 2968 tutius
368 2907 412 2963 sit.
455 2905 491 2963 In
512 2905 567 2963 hac
589 2906 732 2965 discordia
752 2907 837 2966 video
855 2907 910 2966 Cn.
926 2907 1099 2983 Pompeium

155 3019 291 3072 senatum
311 3004 420 3080 quique
440 3022 486 3061 res
507 3003 635 3061 iudicant
655 3022 755 3063 secum
778 3005 951 3076 habitururn,
966 3005 1004 3063 ad
1025 3005 1101 3064 Cae·

155 3124 251 3170 sarem
272 3120 384 3172 omnes,
405 3102 454 3176 qui
475 3119 542 3158 cum
563 3101 666 3159 timore
688 3112 737 3160 aut
757 3102 834 3159 mala
856 3120 907 3177 spe
929 3103 1032 3174 vivant,
1052 3121 1101 3163 ac-

155 3218 300 3269 cessuros,
328 3199 485 3256 exercitum
516 3196 724 3255 conferendum
759 3217 819 3257 non
854 3217 928 3257 esse.
969 3198 1100 3260 Omnino

156 3303 225 3362 satis
246 3296 332 3373 spatii
353 3305 397 3353 est
416 3295 454 3353 ad
469 3295 695 3352 considerandas
716 3295 863 3370 utriusque
881 3295 982 3372 copias
1002 3307 1031 3356 et
1051 3299 1101 3356 eli·

155 3397 285 3476 gendam
312 3403 433 3471 partem.
475 3410 502 3466 4.
524 3393 620 3468 Prope
642 3393 747 3450 oblitus
772 3410 846 3464 sum,
870 3394 950 3470 quod
974 3397 1101 3456 maxime
