2498 3840
219 637 285 730 M.
324 637 569 732 TULLII
619 637 1012 732 CICERONIS

291 865 603 940 errsromie
644 865 947 940 seneciae,

514 1066 635 1132 PARS
665 1067 722 1132 IV.

374 1238 421 1293 79.
462 1233 520 1292 Ar>
540 1233 734 1294 Arrrcmr
756 1233 807 1292 xr.
832 1247 860 1308 5.

208 1348 275 1410 Ser.
297 1349 450 1409 Bronorsrr
469 1368 515 1408 rr.
537 1348 640 1410 Nonas
660 1349 841 1408 Novnnrmrs
861 1367 946 1409 nuc.
971 1350 1037 1424 706.

457 1475 560 1516 crcnro
581 1474 688 1516 nrrrco
709 1474 770 1515 sar..

191 1591 216 1631 1.
242 1570 331 1643 Quia
356 1587 404 1628 me
430 1588 535 1629 causae
560 1570 710 1640 moverint,
732 1587 822 1645 quam
847 1571 979 1640 acerbae,
1005 1587 1080 1646 quan

149 1688 260 1746 graves,
276 1687 365 1745 quam
383 1687 487 1738 novae,
503 1669 709 1745 coe'gerintque
723 1668 834 1743 impetu
855 1667 950 1743 magis
964 1668 1080 1744 quodan

148 1769 237 1827 animi
265 1768 306 1825 uti
334 1784 423 1843 quam
452 1767 637 1842 cogitatione,
666 1783 727 1823 non
755 1783 877 1842 possum
907 1764 945 1822 ad
975 1775 1004 1823 te
1032 1765 1080 1823 sint

147 1866 277 1924 maximo
301 1865 402 1923 dolore
426 1865 570 1935 seribere;
594 1863 711 1922 fuerunt
733 1864 851 1939 quidem
875 1872 983 1934 tantae,
1000 1873 1033 1922 ut
1054 1862 1080 1921 id

149 1963 230 2039 quod
245 1962 334 2034 vides,
349 1962 506 2020 effecerint.
551 1961 653 2037 Itaque
668 1979 722 2018 nec
738 1961 808 2038 quid
821 1961 859 2018 ad
873 1970 901 2018 te
916 1961 1043 2019 scribam
1057 1960 1080 2019 dt

150 2061 222 2118 meis
239 2061 326 2117 rebus
346 2077 400 2119 nec
420 2059 489 2136 quid
509 2076 526 2116 a
544 2068 572 2116 te
586 2069 694 2134 petam,
709 2059 831 2133 reperio,
872 2057 950 2116 Rem
970 2070 1000 2117 et
1018 2077 1080 2118 sum

150 2176 230 2216 mam
250 2158 359 2234 negotii
373 2157 463 2216 vides
505 2155 652 2231 Equidem
673 2174 710 2214 ex
728 2157 785 2214 tuis
805 2156 902 2213 litteris
922 2157 1049 2215 intellexi
1066 2175 1080 2215 e

149 2257 192 2326 iis,
207 2273 281 2331 quas
302 2255 496 2313 communiter
515 2272 582 2312 eum
602 2253 663 2311 aliis
683 2254 830 2329 scripsisti,
845 2263 873 2312 et
892 2254 934 2325 iis,
952 2272 1027 2330 quas
1045 2264 1080 2313 tut

150 2355 278 2423 nomiae,
300 2353 380 2427 quod
403 2353 490 2410 etiam
514 2370 581 2410 mea
604 2361 709 2427 sponte
731 2351 874 2421 videbam,
896 2360 924 2410 te
947 2352 1080 2411 subitan

151 2451 235 2527 quasi
249 2450 428 2508 debilitatum
443 2468 533 2508 novas
548 2450 673 2508 rationes
693 2449 792 2507 tuendi
806 2450 865 2507 mei
878 2467 1025 2525 quaerere.
1069 2467 1080 2508 a

152 2548 243 2619 Quod
272 2548 372 2606 scribis
397 2548 519 2623 placere,
544 2558 575 2605 ut
599 2548 719 2622 propius
747 2547 886 2604 accedam
911 2548 1023 2623 iterque
1045 2565 1080 2624 pe

152 2645 262 2723 oppida
276 2654 364 2703 noctu
379 2644 492 2715 faciam,
507 2662 568 2701 non
584 2662 653 2701 sane
668 2644 761 2714 vide0,
776 2644 917 2718 quemad
931 2646 1080 2704 modumit

152 2744 213 2802 fieri
228 2744 320 2820 possit
328 2763 335 2815 ;
357 2761 453 2818 neque
469 2743 547 2800 enim
562 2744 601 2800 ita
616 2753 683 2818 apta
697 2741 791 2801 habeo
806 2743 978 2814 deversoria,
993 2755 1025 2802 ut
1038 2754 1080 2802 tot

152 2853 286 2918 tempora
307 2842 409 2899 diurna
430 2842 460 2898 in
485 2841 520 2898 iis
541 2842 653 2916 possim
677 2859 857 2911 consumere,
878 2859 975 2916 neque
1000 2842 1038 2900 ad
1058 2841 1080 2899 ic*

153 2940 234 3016 quod
259 2940 381 3016 quaeris,
404 2938 528 2996 multum
552 2940 679 3008 interest,
705 2950 801 2996 utrum
828 2957 876 2996 me
905 2938 1041 2998 homines
1067 2939 1080 2997 ‘r

154 3038 265 3114 oppido
285 3038 401 3095 videant
421 3055 458 3094 an
479 3037 509 3093 in
526 3036 580 3094 via.
624 3034 683 3094 Sed
706 3045 803 3094 tamen
826 3037 883 3094 hoc
906 3038 1013 3113 ipsum,
1028 3037 1080 3096 sicr

155 3137 219 3207 alia,
242 3135 434 3194 considerabo
460 3152 549 3210 quem
574 3134 755 3192 admodum
777 3135 1015 3193 commodissime
1039 3135 1080 3194 fier

156 3251 244 3309 posse
258 3232 395 3290 videatur.
439 3251 465 3306 3.
487 3231 553 3306 Ego
568 3242 688 3307 propter
701 3232 900 3290 incredibilem
919 3242 947 3290 et
966 3232 1055 3291 animi
1070 3251 1080 3291 e

156 3331 286 3408 corporis
301 3330 463 3388 molestiam
479 3329 622 3389 conficere
637 3331 734 3407 plures
748 3329 855 3388 litteras
869 3348 931 3387 non
944 3330 1043 3405 potui3
1065 3330 1080 3388 ii
