2498 3840
149 193 212 262 226
399 208 438 257 nr.
464 208 586 257 rurrrr
607 209 794 259 ercanours
980 196 1049 281 [rm
1063 212 1108 263 v,

147 385 248 437 meae3
270 365 341 424 nihil
366 367 444 425 enim
466 384 607 442 umquam
631 384 692 424 non
715 365 807 424 modo
831 366 970 425 acerbum
990 365 1024 424 in
1047 384 1105 425 me

147 465 207 535 fuit,
230 465 283 523 sed
306 482 344 522 ne
371 464 459 539 paulo
488 464 606 540 quidem
633 464 739 522 tristius
767 473 816 521 aut
844 464 979 535 severius,
1005 482 1100 541 quam

148 563 305 621 necessitas
333 562 373 619 rei
404 561 535 637 publicae
566 562 728 636 postulavit.
781 561 902 619 Accedit
932 571 965 619 ut
997 579 1037 621 ne
1064 563 1096 621 in

148 661 244 735 ipsum
266 659 383 735 quidem
398 657 534 718 Clodium
556 676 655 716 meum
675 660 788 734 insigne
802 659 903 716 odium
923 657 1011 717 fuerit
1030 678 1094 718 um·

148 776 245 834 quam,
260 775 431 833 semperque
452 757 491 814 ita
513 756 606 828 statui,
626 773 687 814 non
706 774 770 814 esse
789 756 978 815 insectandos
999 757 1089 815 inimi·

149 872 249 912 corum
271 855 390 924 amicos,
411 855 581 930 praesertim
604 852 781 924 humiliores,
802 872 857 912 nec
877 853 923 912 his
943 855 1088 931 praesidiis

148 961 265 1010 nosmet
284 952 365 1027 ipsos
379 969 443 1010 esse
459 949 636 1026 spoliandos.
681 969 708 1022 4.
730 949 809 1008 Nam
823 950 859 1009 de
878 967 971 1026 puero
987 950 1087 1011 Clodio

148 1059 212 1108 tuas
231 1059 327 1124 partes
341 1067 406 1108 esse
420 1050 550 1119 arbitror,
564 1059 596 1107 ut
616 1049 678 1107 eius
699 1049 828 1107 animum
849 1059 991 1119 tenerum,
1006 1066 1087 1126 quem

149 1148 187 1206 ad
211 1147 331 1205 modum
357 1148 465 1218 scribis,
487 1148 522 1205 iis
547 1147 736 1222 opinionibus
761 1147 884 1219 imbuas,
904 1157 938 1206 ut
962 1164 1087 1223 nequas

148 1245 311 1304 inimicitias
325 1245 449 1304 residere
464 1246 495 1303 in
505 1245 619 1304 familiis
633 1247 740 1303 nostris
751 1244 910 1304 arbitretur.
946 1243 1087 1304 Contendi

150 1362 218 1401 curn
245 1341 278 1402 P.
300 1342 414 1413 Clodi0,
443 1361 510 1401 cum
531 1360 588 1418 ego
616 1343 764 1417 publicam
785 1360 913 1413 causam,
934 1341 983 1401 ille
1011 1359 1088 1401 suam

149 1440 334 1499 defenderet:
356 1451 470 1499 nostras
482 1441 712 1499 concertationes
725 1458 772 1498 res
785 1441 902 1515 publica
912 1439 1088 1513 diiudicavlt;

149 1538 174 1596 si
189 1539 300 1609 viveret,
316 1538 386 1595 mihi
401 1556 468 1595 cum
487 1537 536 1595 illo
555 1537 633 1594 nulla
647 1537 797 1595 contentio
811 1537 870 1594 iam
884 1547 1024 1597 maneret.
1063 1551 1089 1612 5.

149 1635 219 1708 Qua
233 1655 272 1707 re,
287 1637 427 1713 quoniam
441 1635 496 1694 hoc
511 1654 528 1694 a
542 1653 590 1693 me
605 1635 646 1693 sic
660 1634 742 1710 petis,
757 1644 797 1706 ut,
812 1653 887 1711 quae
901 1644 952 1693 tua
964 1645 1090 1711 potestas

150 1744 202 1806 est,
217 1752 253 1793 ea
272 1752 363 1810 neges
383 1744 411 1792 te
432 1752 480 1792 me
502 1734 590 1791 invito
611 1751 739 1804 usurum,
754 1750 845 1808 puero
866 1750 986 1811 quoque
1006 1734 1092 1794 hoca

149 1852 197 1892 me
218 1833 310 1905 dabis,
325 1834 349 1892 si
369 1833 421 1891 tibi
441 1832 591 1903 videbitur,
606 1850 667 1890 non
689 1850 746 1908 quo
767 1841 816 1889 aut
837 1841 916 1890 aetas
936 1842 1037 1892 nostra
1055 1833 1092 1892 ab

150 1932 225 1990 illius
239 1940 331 1990 aetate
346 1931 501 2008 quicquam
516 1930 620 1990 debeat
639 1929 757 2006 periculi
778 1929 918 2005 suspicari
937 1939 987 1988 aut
1001 1930 1092 2006 digni·

151 2040 195 2088 tas
217 2047 284 2087 mea
305 2029 394 2088 ullam
416 2029 633 2088 contentionem
654 2028 831 2093 extimescat,
852 2027 905 2087 sed
925 2038 958 2086 ut
978 2038 1093 2088 uosmet

150 2126 206 2202 ipsi
227 2128 299 2185 inter
319 2145 375 2187 nos
397 2126 609 2186 coniunctiores
631 2125 729 2194 simus
743 2142 831 2202 quam
853 2125 949 2184 adbuc
969 2124 1092 2198 fuimu83

152 2224 398 2300 interpellantibus
423 2226 501 2283 enim
529 2224 574 2282 his
601 2223 756 2281 inimicitiis
777 2224 892 2281 animus
912 2233 979 2282 tuus
1000 2224 1094 2301 magis

151 2323 243 2399 patuit
258 2341 346 2399 quam
360 2323 475 2382 domus.
501 2321 559 2381 Sed
572 2321 644 2379 haec
654 2321 802 2381 hactenus.
825 2320 901 2380 Illud
910 2331 1093 2381 extremum:

152 2437 218 2496 eg0,
240 2438 316 2496 quae
336 2430 365 2480 te
387 2420 458 2478 velle
480 2438 613 2496 quaeque
637 2418 675 2477 ad
699 2429 727 2478 te
755 2419 897 2496 pertinere
926 2419 1094 2491 arbitrabor,

152 2535 267 2594 semper
286 2518 349 2576 sine
368 2518 427 2576 ulla
446 2517 624 2575 dubitatione
646 2534 762 2575 summo
782 2517 878 2576 studio
892 2516 1017 2591 saciam3
1037 2515 1095 2575 hoc

150 2615 237 2675 velim
248 2615 299 2675 tibi
314 2617 429 2692 penitus
442 2615 627 2692 persuadeas.

334 2773 400 2830 111.
443 2769 500 2828 AD
522 2768 773 2828 FAMILIARES
795 2769 848 2831 ΙΧ.
872 2787 917 2842 14.

233 2883 299 2946 scr.
320 2903 351 2944 m
371 2883 542 2944 Ponrruauo
562 2902 600 2945 ιν.
622 2883 700 2943 Nou.
722 2882 820 2943 Mans
840 2902 924 2944 nuc.
947 2894 1017 2959 710.

334 3010 437 3052 crcuuo
458 3009 652 3051 ocerannum
673 3006 794 3050 consum
814 3008 868 3050 suo
887 3008 910 3050 s

195 3127 220 3166 r.
242 3106 314 3166 Ersr
339 3114 490 3165 contentus
511 3124 599 3177 eram,
623 3105 665 3163 mi
685 3103 846 3174 Dolabella,
866 3114 916 3162 tua
935 3104 1030 3181 gloria
1049 3122 1094 3165 sa·

151 3208 246 3282 tisque
265 3224 302 3264 ex
321 3223 356 3264 ea
374 3223 512 3281 magnam
528 3203 665 3262 laetitiam
678 3202 912 3278 voluptatemque
933 3203 1094 3279 capiebam,

152 3314 250 3361 tamen
271 3320 332 3360 non
354 3320 475 3378 possum
497 3319 559 3359 non
582 3300 712 3360 confiteri
737 3300 877 3358 cumulari
897 3318 946 3359 me
965 3301 1094 3360 maximo

151 3399 270 3476 gaudio,
285 3399 365 3476 quod
380 3398 466 3475 volgo
480 3397 632 3457 hominum
647 3397 746 3476 opinio
762 3397 875 3456 socium
890 3414 938 3456 me
952 3396 1094 3457 adscribat
