2392 3848
121 181 181 268 198
394 194 432 248 u.
455 195 573 245 runnu
594 193 784 245 nicanorus
930 180 1039 266 [mir.

118 344 287 421 exprimitur
306 343 455 419 praeclaro
478 344 527 404 illo
550 344 624 404 libro
645 343 836 417 Querelarum
855 351 984 413 tuarmn3
1004 359 1044 401 ac·

118 445 194 503 cedit
229 443 308 520 qnod
343 444 463 502 mirifice
496 445 619 520 ingeniis
653 444 868 514 excellentibus,
897 443 981 520 quale
1010 451 1048 502 est

117 553 208 611 tuum,
237 540 410 611 delectatur;
447 551 595 618 praeterea
625 541 701 601 cedit
731 540 891 599 multorum
922 541 1000 599 iustis
1026 548 1051 596 et

118 640 214 698 officio
241 640 375 710 incensis
404 658 464 699 non
491 640 625 699 inanibus
652 650 701 698 aut
731 639 901 711 ambitiosis,
930 639 1052 697 volunta·

117 737 202 807 tibus,
217 736 247 794 in
267 754 326 812 quo
341 735 525 795 vehementer
543 755 611 794 eum
630 737 815 795 consentiens
834 735 951 794 Etruria
964 752 1055 793 move

117 834 167 892 bit.
217 854 244 908 9.
267 833 345 892 ‘Cur
373 833 445 892 haec
475 834 561 909 igitur
588 833 682 893 adhuc
712 851 815 910 parurn
843 830 1055 910 profeceruntl'

119 930 197 1003 Quia
217 950 279 989 non
299 939 380 1006 putat
401 949 433 989 se
454 931 594 989 sustinere
615 949 718 991 causas
738 949 826 1007 posse
851 930 1018 1000 multorum,
1036 928 1059 987 si

118 1030 177 1100 tibi,
198 1030 244 1088 cui
263 1030 364 1087 iustius
384 1029 495 1087 videtur
513 1028 596 1088 irasci
615 1047 711 1105 posse,
731 1030 918 1088 concesserit.
960 1028 1059 1101 ‘Quae

117 1136 162 1186 est
187 1127 289 1204 igitur’
313 1127 425 1202 inquies
451 1132 535 1202 ‘spes
560 1127 598 1185 ab
621 1125 726 1185 iratoi’
760 1123 877 1184 Eodem
892 1145 906 1184 e
924 1125 1007 1186 fonte
1031 1144 1060 1185 se

118 1224 287 1282 hausturum
322 1224 461 1299 intellegit
496 1223 595 1284 laudes
632 1242 706 1296 suas,
742 1241 760 1283 e
796 1242 856 1300 quo
891 1223 930 1283 sit
965 1224 1062 1282 leviter

118 1338 262 1396 aspersus.
304 1320 455 1380 Postremo
478 1321 569 1380 homo
590 1320 673 1380 valde
695 1329 738 1381 est
760 1333 862 1381 acutus
886 1330 915 1380 et
939 1321 1062 1380 multum

118 1419 290 1496 providens3
326 1420 465 1495 intellegit
488 1429 525 1490 te,
550 1419 700 1478 hominem
723 1420 755 1478 in
778 1431 860 1496 parte
883 1420 986 1479 Italiae
1010 1419 1063 1477 mi·

118 1519 196 1577 nime
223 1518 438 1576 contemnenda
465 1517 548 1576 facile
575 1519 706 1576 omnium
734 1518 949 1577 nobilissimum
977 1526 1007 1576 et
1032 1517 1062 1574 in

118 1615 321 1674 communire
343 1615 460 1691 publica
483 1616 572 1674 cuivis
596 1634 777 1675 summorum
799 1625 867 1675 tuae
891 1616 994 1675 aetatis
1018 1615 1064 1674 vel

118 1713 236 1789 ingenio
256 1712 301 1770 vel
321 1713 412 1788 gratia
432 1713 476 1771 vel
496 1712 575 1771 fama
595 1713 695 1788 populi
716 1713 844 1772 Romani
869 1732 980 1790 parem,
1002 1732 1062 1771 non

119 1829 206 1888 posse
230 1810 376 1887 prohiberi
398 1829 429 1870 re
453 1811 569 1886 publica
590 1810 711 1884 diutius;
740 1810 819 1870 nolet
843 1810 901 1870 hoc
923 1811 1063 1887 temporis

119 1910 216 1986 potius
250 1927 315 1967 esse
349 1908 505 1984 aliquando
538 1907 713 1966 beneficium
747 1926 836 1985 quam
873 1909 933 1966 iam
970 1927 1063 1967 suum.

123 2026 168 2066 10.
189 2006 258 2064 Dixi
285 2006 322 2064 de
349 2006 491 2078 Caesare;
525 2024 605 2064 nunc
633 2006 728 2064 dicam
756 2005 793 2065 de
827 2015 995 2082 temporum
1022 2024 1064 2064 re·

119 2123 242 2179 rumque
261 2114 379 2162 natura:
400 2121 488 2162 nemo
507 2113 551 2162 est
569 2111 629 2161 tam
648 2104 782 2162 inimicus
801 2104 827 2162 ei
846 2121 961 2173 causac,
976 2121 1065 2180 quam

120 2203 277 2278 Pompeius
295 2203 438 2260 animatus
457 2202 559 2260 melius
579 2220 667 2278 quarn
686 2213 803 2278 paratus
824 2210 1001 2276 susceperat,
1011 2201 1064 2276 qui

120 2317 176 2358 nos
202 2300 294 2357 malos
320 2300 396 2357 cives
422 2298 516 2356 dicere
540 2309 590 2357 aut
614 2299 749 2358 homines
776 2300 928 2375 improbos
951 2299 1064 2357 audeat

120 2397 157 2456 In
175 2414 234 2472 quo
252 2396 386 2454 admirari
404 2395 483 2454 soleo
504 2396 673 2472 gravitatem
694 2405 724 2454 et
744 2397 880 2455 iustitiam
901 2405 931 2454 et
953 2397 1064 2472 sapien-¹

119 2496 188 2553 tiam
212 2493 362 2566 Caesaris;
393 2512 554 2569 numquam
577 2495 632 2552 nisi
659 2493 952 2552 honorificentissime
977 2494 1065 2553 Pom·

118 2593 216 2669 peium
244 2590 378 2666 appellat.
421 2591 478 2648 ‘At
505 2591 535 2648 in
562 2591 624 2649 eius
652 2610 779 2666 persona
805 2592 895 2649 multa
922 2591 992 2651 fecit
1019 2610 1062 2650 as-

117 2687 232 2767 perius!
273 2690 433 2746 Armorum
467 2690 521 2747 ista
555 2698 585 2747 et
618 2689 753 2747 victoriae
789 2699 856 2747 sunt
887 2688 973 2761 facta,
1003 2707 1062 2748 non

118 2787 260 2848 Caesaris.
294 2787 334 2844 At
348 2803 403 2844 nos
419 2786 559 2861 quemad
574 2786 695 2845 modum
710 2797 753 2845 est
768 2787 957 2862 complexus!
994 2787 1062 2847 Cas-

118 2887 193 2944 sium
222 2884 275 2943 sibi
299 2884 419 2957 legavit3
452 2882 573 2941 Brutum
598 2883 710 2942 Galliac
734 2883 880 2959 praefecit,
905 2881 1062 2959 Sulpicium

119 2983 277 3053 Graeciae;
315 2981 494 3051 Marcellum,
525 2981 571 3039 cui
605 2983 730 3040 maxime
765 2981 964 3052 succensebat,
998 2999 1061 3041 cum

118 3097 233 3137 summa
264 3077 337 3135 illius
365 3078 504 3153 dignitate
536 3078 663 3136 restituit.
708 3096 754 3136 11.
776 3076 845 3149 Quo
874 3077 960 3152 igitur
992 3079 1060 3138 haec

118 3176 269 3252 spectant?
312 3175 423 3233 Rerum
455 3174 513 3233 hoc
543 3184 646 3232 natura
678 3185 707 3232 et
741 3174 866 3232 civilium
897 3184 1060 3252 temporum

117 3291 178 3332 non
205 3273 336 3349 patietur,
361 3291 416 3331 nec
443 3290 565 3330 manens
593 3290 648 3330 nec
672 3283 783 3330 mutata
809 3273 882 3330 ratio
910 3273 983 3333 feret
1006 3275 1058 3351 pri·

118 3388 208 3442 mum,
236 3379 268 3429 ut
295 3387 357 3429 non
380 3370 410 3428 in
435 3386 519 3428 cansa
546 3370 606 3427 aari
636 3369 736 3428 eadem
760 3370 797 3430 sit
820 3379 849 3430 et
873 3371 1011 3432 condicio
1034 3379 1058 3432 et
