2392 3848
120 171 181 255 196
301 218 305 224 .
356 181 428 234 fu.
454 181 573 232 noran
594 175 803 232 ercrnonr‘r'
904 160 996 257 '·[em
1008 178 1042 230 nr.
1098 260 1100 267 Ι

116 331 215 392 litteris
236 330 411 391 maluissem.
454 330 551 403 Nunc,
565 341 597 390 ut
618 350 713 408 spero,
733 330 813 391 brevi
834 331 1046 408 gratulabimur;

117 433 214 506 itaque
230 430 260 488 in
281 429 357 488 aliud
378 440 493 505 tempus
514 429 544 487 id
564 440 769 505 argumentum
787 429 928 506 epistolae
949 429 1049 490 differo.

119 549 146 588 a.
168 529 224 586 His
245 538 342 587 autern
363 528 461 587 litteris
483 527 612 587 animum
634 538 725 600 tuum,
745 543 835 605 quern
860 531 981 590 minime
1005 530 1051 588 im·

116 629 252 687 becillum
274 645 339 685 esse
362 637 392 685 et
415 626 503 686 audio
523 635 553 684 et
573 644 666 701 spero,
689 626 743 686 etsi
762 644 824 686 non
850 628 1053 704 sapientissimi,

120 737 149 784 at
176 725 344 784 amicissimi
368 723 495 783 hominis
520 725 689 783 auctoritate
716 724 950 784 confirmandum
977 727 1056 784 etiam

120 835 206 900 atque
234 825 321 882 etiam
353 832 442 898 put03
477 840 533 881 nee
560 822 594 880 iis
624 821 744 898 quidem
770 823 872 895 verbis,
900 824 1006 900 quibus
1032 833 1058 882 te

120 921 255 982 consoler
275 930 307 979 ut
330 920 477 978 adflictum
498 930 527 977 et
547 919 604 977 iam
625 919 706 977 omni
727 937 779 996 spe
800 919 899 979 salutis
920 922 1059 992 orbatum,

120 1021 173 1079 sed
200 1030 231 1079 ut
258 1038 334 1090 eum,
359 1019 396 1076 de
424 1019 505 1076 cuius
532 1017 728 1077 incolumitate
755 1036 817 1076 non
844 1019 909 1094 plus
934 1019 1061 1078 dubitem

121 1136 209 1194 quam
232 1128 259 1175 te
283 1117 402 1174 memini
427 1116 556 1174 dubitare
580 1116 618 1174 de
642 1134 717 1174 mea.
758 1114 837 1174 Nam
861 1135 930 1175 cum
955 1135 1003 1176 me
1027 1137 1061 1176 ex

121 1235 152 1274 re
172 1216 288 1292 publica
308 1214 486 1290 expulissent
506 1214 534 1284 ii,
555 1215 605 1288 qui
628 1213 707 1272 illam
730 1213 833 1272 cadere
856 1232 946 1290 posse
971 1225 1062 1274 stante

121 1333 169 1374 me
190 1331 251 1371 non
272 1320 415 1389 putarant,
436 1311 555 1369 memini
579 1329 627 1368 me
648 1329 684 1369 ex
705 1311 801 1370 multis
821 1311 994 1388 hospitibus,
1016 1314 1064 1389 qui

122 1411 160 1469 ad
187 1429 235 1468 me
258 1428 296 1468 ex
316 1409 393 1481 Asia,
416 1409 446 1466 in
467 1427 525 1484 qua
545 1419 577 1468 tu
597 1427 670 1480 eras,
691 1418 836 1481 venerant,
858 1409 959 1469 audire
979 1419 1008 1468 le
1029 1412 1064 1469 de

122 1510 251 1585 glorioso
273 1517 302 1566 et
318 1508 402 1566 celeri
418 1507 512 1565 reditu
530 1524 598 1565 meo
620 1507 799 1565 confirmare.
842 1525 869 1584 3.
893 1507 923 1566 Si
945 1519 973 1567 te
993 1510 1064 1567 ratio

123 1607 268 1684 quaedam
294 1606 367 1664 mira
394 1606 511 1664 Tuscae
535 1605 712 1682 disciplinae,
736 1624 824 1681 quam
851 1624 870 1664 a
896 1617 988 1682 patre,
1013 1626 1066 1666 no·

123 1706 264 1764 bilissimo
289 1713 375 1780 atque
399 1704 511 1778 optimo
535 1703 605 1775 viro,
627 1721 789 1780 acceperas,
812 1722 873 1762 non
897 1704 1006 1774 fefellit,
1029 1725 1065 1764 ne

124 1822 180 1862 nos
207 1802 324 1878 quidem
348 1810 446 1859 nostra
468 1800 606 1860 divinatio
629 1801 713 1867 fallet,
738 1819 827 1877 quam
854 1821 923 1861 curn
952 1805 1065 1880 sapien·

125 1902 302 1961 tissimorum
323 1901 449 1958 virorum
477 1900 673 1958 monumentis
700 1910 786 1975 atque
814 1903 978 1977 praeceptis
1005 1903 1065 1980 plu-

124 2001 265 2074 rimoque,
285 2008 316 2056 ut
336 2008 368 2056 tu
389 1998 452 2069 scis,
474 1997 621 2056 doctrinae
642 1997 746 2068 studio,
766 2008 827 2055 turn
848 2017 959 2075 magno
981 2001 1066 2060 etiam

124 2115 180 2155 usu
202 2096 368 2155 tractandae
389 2095 430 2154 rei
455 2096 586 2172 publicae
609 2113 774 2173 magnaque
801 2107 968 2156 nostrorum
995 2109 1065 2157 tem·

125 2215 230 2272 porum
251 2196 384 2253 varietate
407 2195 556 2253 consecuti
581 2212 698 2267 sumus;
735 2213 762 2268 4.
784 2196 830 2254 cui
853 2197 973 2271 quidem
998 2198 1065 2256 divi·

126 2294 237 2352 nationi
259 2293 316 2350 hoc
338 2291 403 2369 plus
427 2291 608 2362 confidimus,
631 2292 712 2368 quod
735 2310 772 2351 ea
795 2310 851 2352 nos
873 2294 944 2352 nibil
968 2296 1000 2354 in
1023 2295 1065 2354 his

124 2401 185 2450 tarn
204 2390 335 2448 obscuris
353 2391 439 2446 rebus
458 2399 575 2464 tamque
594 2390 764 2467 perturbatis
785 2409 925 2466 umquam
945 2395 1065 2452 omnino

127 2490 232 2548 fefellit.
274 2488 418 2559 Dicerem,
439 2506 513 2562 quae
537 2499 604 2546 ante
625 2487 719 2547 futura
740 2489 884 2563 dixissem,
907 2492 936 2549 ni
957 2511 1066 2553 vererer

127 2610 164 2649 ne
184 2606 222 2647 ex
249 2587 357 2646 eventis
379 2586 488 2661 fingere
508 2585 634 2659 viderer;
666 2586 718 2646 sed
741 2598 839 2646 tamen
862 2587 978 2664 plurimi
1003 2601 1066 2650 sunt

127 2698 215 2747 testes
245 2703 293 2743 me
321 2695 349 2743 et
379 2683 469 2754 initio,
497 2702 535 2742 ne
564 2685 752 2761 coniungeret
779 2704 811 2744 se
838 2705 906 2745 cum
934 2688 1065 2760 Caesare,

128 2786 276 2844 monuisse
297 2781 478 2857 Pompeium,
498 2792 527 2841 et
546 2793 657 2858 postea,
677 2802 714 2841 ne
737 2803 768 2842 se
788 2784 971 2861 diiungeret:
999 2807 1066 2847 con-

129 2885 276 2944 iunctione
300 2881 393 2956 frangi
420 2890 536 2939 senatus
561 2899 642 2957 opes,
660 2882 836 2942 diiunctione
860 2886 941 2944 civile
961 2887 1066 2947 bellurn

129 2983 245 3043 excitari
267 2980 407 3038 videbam.
449 2979 546 3054 Atque
569 2982 669 3038 utebar
692 2981 911 3041 familiarissime
936 2983 1065 3056 Caesare,

130 3081 303 3157 Pompeium
323 3078 464 3136 faciebam
486 3077 615 3152 plurimi;
645 3077 697 3136 sed
717 3089 778 3138 erat
798 3098 896 3139 meum
917 3085 1066 3143 consilium

130 3198 197 3238 cum
226 3178 309 3236 fidele
336 3175 488 3252 Pompei0,
515 3185 577 3233 tum
608 3176 731 3235 salutare
763 3178 883 3255 utrique.
937 3195 963 3255 5.
987 3182 1066 3255 Quae

130 3286 278 3356 praeterea
298 3275 479 3351 providerim,
494 3284 659 3349 praetereo;
682 3276 752 3334 nolo
773 3278 850 3335 enim
871 3279 949 3339 hunc
968 3281 1006 3342 de
1024 3300 1066 3340 me

131 3377 241 3455 optime
268 3376 402 3433 meritum
429 3375 592 3434 existimare
625 3391 654 3420 “a
684 3393 733 3420 me
763 3377 886 3437 suasisse
919 3379 1064 3458 Pompeio
