2392 3848
118 198 159 263 68
389 211 427 261 rr.
453 211 574 260 rurrrr
596 210 785 262 orornorrrs
946 200 1015 287 [rm
1029 214 1059 264 rr.

117 379 284 457 optimeque
297 379 469 455 perspicies;
492 379 562 456 quid
580 379 666 438 nobis
684 379 846 455 placuisset,
857 397 895 438 ex
909 398 960 439 me
974 379 1059 457 potis·

116 477 223 534 simum
237 477 334 552 putavi
353 487 381 534 te
401 478 473 536 scire
489 487 632 552 oportere.
669 491 696 552 7.
718 476 807 548 Quod
821 477 892 535 mihi
907 477 945 535 de
960 488 1058 536 nostro

117 585 201 645 statu,
217 574 253 633 de
268 574 386 634 Milonis
408 575 605 646 familiaritate,
625 573 662 633 de
682 575 796 634 levitate
817 585 846 633 et
866 575 1059 634 imbecillitate

117 671 213 730 Clodii
234 672 392 748 gratularis,
418 673 537 730 minime
561 673 699 731 miramur
720 681 749 730 te
773 672 829 730 tuis
852 683 885 731 ut
910 675 1059 748 egregium

117 768 254 826 artificem
276 769 430 845 praeclaris
451 769 588 844 operibus
610 769 724 826 laetari:
752 787 932 846 quamquam
954 779 1000 828 est
1019 769 1059 827 in·

117 866 260 925 credibilis
280 867 433 924 hominum
454 867 796 942 perversitas-graviore
816 867 896 924 enim
909 867 1001 925 verbo
1020 867 1059 924 uti

117 981 177 1021 non
199 963 318 1034 libet-,
343 964 391 1039 qui
414 982 478 1035 nos,
503 982 578 1039 quos
601 963 726 1022 favendo
751 965 781 1021 in
804 965 956 1022 communi
975 983 1060 1024 causa

117 1062 237 1119 retinere
275 1070 440 1137 potuerunt,
475 1060 632 1119 invidendo
674 1061 892 1134 abalienarunt;
935 1079 1060 1138 quorum

116 1158 396 1216 malevolentissimis
411 1158 667 1216 obtrectationibus
687 1177 743 1217 nos
757 1159 829 1217 scito
849 1157 886 1217 de
899 1168 999 1218 vetere
1016 1159 1060 1216 illa

117 1265 217 1313 nostra
241 1255 433 1331 diuturnaque
457 1257 602 1315 sententia
626 1274 718 1332 prope
740 1257 811 1323 iam¹
824 1274 888 1315 esse
914 1257 1058 1333 depulsos,

117 1370 177 1409 non
192 1370 247 1410 nos
261 1351 380 1428 quidem
394 1362 426 1411 ut
446 1363 563 1411 nostrae
583 1354 730 1430 dignitatis
750 1354 840 1413 simus
857 1353 949 1425 obliti,
965 1355 1017 1413 sed
1030 1362 1061 1412 ut

54 1469 58 1537 ζ
118 1449 275 1507 habeamus
304 1451 444 1508 rationem
473 1451 628 1527 aliquando
662 1451 749 1508 etiam
782 1451 888 1509 salutis.
946 1451 1060 1511 Poterat

117 1556 271 1623 utrumque
286 1547 440 1623 praeclare,
453 1549 476 1606 si
491 1558 568 1607 esset
582 1550 663 1620 fides
675 1550 700 1607 si
713 1549 836 1625 gravitas
850 1549 881 1606 in
894 1548 1060 1607 hominibus

118 1645 316 1703 consularibus
324 1665 332 1717 ;
354 1645 406 1704 sed
420 1657 498 1704 tanta
513 1658 555 1705 est
570 1647 599 1704 in
611 1647 757 1723 plerisque
771 1647 877 1717 levitas,
889 1657 923 1705 ut
933 1665 987 1705 eos
1001 1664 1060 1704 non

117 1755 177 1802 tam
192 1744 352 1804 constantia
366 1745 395 1801 in
410 1764 440 1802 re
460 1745 576 1821 publica
595 1754 695 1804 nostra
714 1745 845 1817 delectet,
860 1763 950 1820 quarn
966 1745 1060 1821 splen-

118 1843 172 1901 dor
186 1842 324 1901 offendat.
367 1846 394 1900 8.
417 1843 506 1914 Quod
521 1862 557 1901 eo
571 1843 687 1901 liberius
702 1843 739 1901 ad
754 1853 782 1901 te
797 1844 902 1914 scrib0,
918 1843 987 1920 quia
1000 1860 1060 1902 non

117 1941 212 1998 solum
227 1941 406 2016 temporibus
421 1940 474 2012 his,
490 1960 565 2017 quae
578 1959 631 2016 per
649 1952 677 1999 te
697 1960 762 1999 sum
782 1941 915 2017 adeptuS,
930 1941 984 1999 sed
1003 1941 1059 1999 iarn

118 2037 187 2096 olim
211 2038 341 2096 nascenti
369 2057 461 2113 prope
491 2049 606 2097 nostrae
634 2039 712 2097 laudi
740 2039 929 2114 dignitatique
957 2039 1058 2110 favisti,

118 2135 260 2212 simulque
280 2135 361 2211 quod
382 2136 475 2205 video,
493 2154 564 2206 non,
582 2146 613 2194 ut
632 2137 754 2196 antehac
776 2138 923 2214 putabam,
941 2138 1060 2196 novitati

118 2251 182 2291 esse
196 2233 319 2291 invisum
333 2251 432 2303 meae3
450 2235 523 2291 inte
538 2234 623 2303 enim,
633 2233 752 2293 homine
767 2235 899 2293 omnium
917 2235 1059 2295 nobilissi-

117 2350 177 2401 mo,
193 2331 296 2389 similia
310 2331 471 2388 invidorum
486 2332 554 2388 vitia
568 2331 713 2407 perspexi,
728 2350 816 2408 quern
830 2342 929 2389 tamen
943 2332 983 2390 illi
998 2351 1060 2392 esse

116 2429 147 2486 in
182 2428 360 2504 principibus
395 2429 476 2487 facile
506 2439 573 2487 sunt
605 2430 692 2505 passi,
724 2430 837 2487 evolare
868 2429 953 2488 altius
986 2440 1059 2489 certe

117 2528 278 2586 noluerunt.
329 2526 452 2585 Gaudeo
481 2538 560 2585 tuam
589 2528 757 2586 dissimilem
785 2527 873 2586 fuisse
896 2527 1044 2587 fortunam
1051 2548 1059 2599 ;

118 2625 241 2684 multum
262 2625 341 2681 enim
363 2625 488 2695 interest,
511 2633 608 2682 utrum
628 2625 691 2683 laus
712 2626 897 2683 imminuatur
922 2644 960 2684 an
986 2626 1060 2685 salus

119 2724 273 2783 deseratur.
325 2720 376 2779 Me
405 2740 487 2779 meae
516 2735 613 2779 tamen
641 2741 678 2780 ne
706 2722 792 2780 nimis
820 2722 988 2798 paeniteret,
1014 2734 1061 2783 tua

117 2823 219 2879 virtute
239 2818 398 2896 perfectum
420 2829 479 2889 est;
507 2822 610 2878 curasti
632 2821 719 2888 enim,
734 2829 765 2878 ut
786 2820 851 2895 plus
873 2818 1005 2878 additum
1026 2820 1061 2879 ad

118 2919 289 2978 memoriam
313 2918 439 2975 nominis
467 2919 557 2975 nostri
583 2937 671 2993 quam
700 2918 852 2995 demptum
882 2918 918 2976 de
946 2919 1061 2978 fortuna

118 3016 270 3075 videretur.
312 3035 339 3090 9.
361 3016 407 3073 Te
422 3033 490 3073 vero
512 3033 638 3074 emoneo
661 3034 728 3073 curn
749 3015 899 3074 beneficiis
920 3018 986 3088 tuis,
1001 3029 1061 3076 tum

119 3130 219 3170 amore
247 3113 379 3170 incitatus
407 3129 482 3181 me0,
505 3122 536 3169 ut
563 3131 683 3170 omnem
711 3112 843 3188 gloriam,
866 3113 904 3172 ad
932 3133 1022 3190 quam
1044 3132 1061 3173 a

119 3210 240 3285 pueritia
253 3211 448 3269 inflammatus
463 3209 550 3280 fuisti,
561 3211 642 3268 omni
657 3229 725 3268 cura
739 3222 825 3286 atque
839 3211 978 3270 industria
993 3231 1061 3271 con·

119 3325 241 3383 sequare
264 3308 554 3384 magnitudinemque
579 3309 668 3366 animi
689 3308 737 3379 tui,
759 3327 848 3384 quam
869 3327 925 3384 ego
948 3328 1061 3385 semper

117 3422 185 3462 sum
208 3404 365 3469 admiratus
388 3424 559 3484 semperque
583 3406 685 3473 amavi,
708 3424 744 3465 ne
767 3424 907 3482 umquam
931 3407 1060 3467 inflectas
