2498 3840
149 169 209 254 158
423 182 462 232 n.
485 179 605 230 runnu
625 180 814 231 cronicorum
959 169 1083 253 [emm

147 339 232 397 ludos
245 348 364 415 parant3
379 339 430 397 viri
440 339 511 396 boni
521 356 623 397 usuras
632 339 830 414 perscribunt;
844 356 903 414 ego
913 338 979 414 ipse
991 337 1084 397 sedeo.

148 436 247 496 Coner
267 437 333 494 illuc
353 437 403 506 ire,
423 446 456 494 ut
479 436 618 494 insanus?
643 436 798 511 implorare
823 437 912 495 fidem
937 436 1086 512 municipi·

147 537 252 593 orum?
286 534 358 592 boni
385 552 446 591 non
473 543 646 609 sequentum
681 533 759 592 leves
785 534 963 606 irridebunt3
995 551 1086 592 rerum

146 650 287 690 novarum
313 632 419 706 cupidi,
443 632 565 690 victores
592 632 762 707 praesertim
789 641 819 690 et
846 633 958 703 armati,
980 632 1040 690 vim
1061 639 1087 690 et

147 749 251 789 manus
271 730 409 789 adferent.
456 750 483 800 4.
505 728 586 800 Quid
604 747 707 788 censes
726 729 830 805 igitur?
852 729 1030 807 ecquidnam
1047 739 1088 788 est

147 830 188 888 tui
202 827 314 886 consilii
329 827 366 885 ad
380 826 469 884 finem
482 825 567 884 huius
581 825 758 884 miserrimae
772 827 867 886 vitae?
888 826 979 885 Nunc
993 827 1087 894 doleo,

147 944 225 983 nunc
240 933 386 1000 torqueor,
402 942 469 982 cum
483 925 598 982 cuidam
611 933 660 980 aut
678 925 794 1001 sapiens
808 925 915 995 videor,
930 924 1013 1000 quod
1031 941 1087 983 una

146 1041 207 1081 non
221 1023 311 1092 ierim,
323 1032 371 1080 aut
385 1021 453 1080 felix
468 1020 563 1080 fuisse.
608 1020 682 1079 Mihi
697 1033 816 1094 eontra;
832 1040 996 1098 numquam
1012 1023 1088 1080 enim

147 1121 221 1178 illius
236 1121 371 1178 victoriae
385 1120 482 1178 socius
499 1136 563 1177 esse
578 1119 672 1192 volui;
694 1120 864 1178 calamitatis
884 1119 1001 1178 mallem
1020 1119 1088 1178 fuis·

148 1237 219 1277 sem.
262 1217 342 1289 Quid
356 1234 413 1292 ego
428 1234 505 1275 nune
520 1226 583 1275 tuas
597 1217 712 1287 litteras,
728 1218 797 1294 quid
812 1228 892 1275 tuam
905 1217 1089 1293 prudentiam

148 1326 198 1374 aut
217 1315 449 1374 benevolentiam
470 1315 643 1391 implorem?
668 1325 765 1374 actum
788 1325 849 1373 est:
873 1315 953 1373 nulla
974 1333 1008 1373 re
1030 1315 1088 1372 iam

147 1431 268 1490 possum
282 1413 379 1482 iuvari,
392 1413 441 1487 qui
455 1430 493 1471 ne
507 1413 588 1488 quod
603 1422 703 1489 optem
716 1413 834 1488 quidem
849 1413 907 1471 iam
921 1411 1020 1471 habeo
1035 1411 1089 1471 uisi

147 1522 180 1569 ut
194 1512 290 1587 aliqua
303 1510 410 1569 inimici
424 1510 620 1568 misericordia
633 1510 795 1568 liberemur.

369 1668 417 1722 66.
458 1663 516 1721 AD
536 1663 731 1722 ATTICUM
752 1664 870 1722 IX.'16.

150 1780 215 1842 Son
230 1799 261 1840 nt
274 1777 428 1843 Fonnrruo
449 1798 476 1837 a.
490 1797 518 1836 n.
532 1797 583 1836 vn.
598 1777 759 1838 Kannums
777 1779 904 1838 Arruns
922 1797 1008 1840 auc
1021 1791 1087 1854 705.

463 1901 565 1944 emano
586 1901 691 1943 arnco
711 1902 773 1942 sau.

194 2019 217 2057 1.
241 1998 310 2057 Cuu
324 1998 404 2073 quod
420 1998 573 2056 scriberem
592 1998 630 2056 ad
649 2008 678 2056 te
696 1997 767 2056 nihil
788 1997 934 2067 haberem,
949 2017 987 2058 ne
1002 2017 1089 2076 quem

151 2096 227 2154 diem
241 2095 464 2165 intermitterem,
475 2093 528 2152 has
544 2095 610 2153 dedi
623 2095 738 2153 litteras.
780 2095 815 2152 Α.
828 2095 856 2153 d.
867 2113 905 2153 vr.
918 2094 959 2152 K.
970 2095 1089 2156 Caesar·

150 2215 197 2254 em
213 2194 366 2252 Sinuessae
380 2211 550 2251 mansurum
571 2194 758 2263 nuntiabant;
779 2194 817 2252 ab
838 2210 874 2251 eo
891 2193 961 2251 mihi
981 2195 1091 2254 litterae

151 2291 279 2350 redditae
299 2299 366 2348 sunt
384 2309 409 2349 a.
427 2291 454 2348 d.
469 2309 517 2348 vn.
535 2290 583 2361 K„
595 2291 699 2367 quibus
720 2292 778 2350 iam
793 2290 899 2367 ‘opes'
913 2310 1005 2363 meas,
1020 2311 1089 2363 non,

151 2398 183 2446 ut
211 2387 404 2462 superioribus
429 2382 563 2468 [litteris],
586 2387 707 2463 ‘opem’
729 2398 884 2464 exspectat.
927 2388 1005 2447 Cum
1030 2391 1091 2450 eius

152 2485 334 2544 clementiam
349 2483 559 2544 Corfiniensem
573 2485 651 2544 illam
664 2505 716 2562 per
726 2487 833 2545 litteras
844 2485 1090 2557 collaudavissem

152 2583 298 2658 rescripsit
311 2579 368 2639 hoc
382 2582 533 2658 exemplo:

325 2733 450 2788 ‘causan
470 2747 527 2787 mr.
549 2747 682 2790 crcunonr
702 2747 760 2788 me.
782 2747 841 2788 sar.
864 2747 922 2790 nrc.

197 2897 223 2938 2.
248 2876 339 2935 Recte
363 2877 511 2950 augurans
534 2877 573 2936 de
596 2877 761 2936 me-bene
784 2877 862 2935 enim
886 2877 937 2935 tibi
958 2877 1094 2954 cognitus

155 2974 331 3036 sum-nihil
353 2992 370 3032 a
394 2992 441 3032 me
464 2975 567 3033 abesse
588 2974 704 3050 longius
725 2974 906 3045 crudelitate;
928 2984 1016 3052 atque
1038 2992 1095 3052 ego

156 3092 224 3133 cum
245 3092 281 3132 ex
302 3073 365 3148 ipsa
385 3091 415 3131 re
436 3090 573 3147 magnam
598 3072 683 3148 capio
703 3072 888 3148 voluptatem,
909 3081 972 3130 tum
995 3091 1096 3132 meum

156 3170 264 3230 factum
279 3170 395 3248 probari
409 3171 462 3228 abs
476 3180 504 3228 te
518 3169 664 3245 triumpho
679 3170 794 3246 gaudio.
838 3169 944 3246 Neque
958 3169 1029 3228 illud
1047 3188 1097 3228 me

157 3279 261 3339 movet
271 3268 350 3344 quod
364 3269 392 3338 ii,
403 3268 452 3343 qui
466 3286 484 3325 a
497 3285 545 3325 me
560 3268 669 3326 dimissi
683 3277 758 3336 sunt,
770 3267 937 3325 discessisse
952 3266 1097 3337 dicuntur,

158 3374 190 3423 ut
204 3364 273 3423 mihi
287 3382 384 3424 rursus
397 3365 504 3423 bellum
517 3363 652 3424 inferrent
660 3382 669 3437 ;
690 3363 760 3423 nibil
775 3365 853 3422 enim
867 3363 945 3421 malo
959 3380 1050 3442 quam
1068 3373 1098 3422 et
