2392 3848
122 197 165 260 rp.
178 181 222 267 5.]
327 195 440 246 rerer.
457 196 506 244 An
526 192 762 247 rxmrrmnxs‘
775 198 805 248 ν.
823 201 854 252 a.
1040 199 1059 266 7

122 352 191 410 nihil
218 353 312 412 inea
338 372 369 412 re
397 372 449 430 per
472 353 614 430 collegam
638 371 737 413 meum
760 372 808 412 me
832 353 972 413 insciente
997 371 1061 412 esse

122 448 240 507 sactum.
285 448 450 509 Recordare
471 460 567 509 cetera
574 470 582 523 3
605 452 771 527 quamcito
793 460 925 510 senatum
946 452 995 509 illo
1016 451 1062 510 die

122 546 198 605 facta
212 547 360 606 sortitione
374 549 527 624 coegerim,
537 567 625 624 quam
639 549 728 607 multa
743 549 779 607 de
793 557 821 606 te
835 550 922 606 verba
936 548 1063 620 fecerim,

123 662 191 702 cum
205 655 236 702 tu
249 645 312 720 ipse
325 644 396 702 mihi
411 646 505 704 dixisti
519 648 680 705 orationem
693 664 790 704 meam
804 663 866 704 non
879 646 974 704 solum
988 647 1019 703 in
1035 655 1063 704 te

123 740 322 814 honorificam,
344 742 396 801 sed
421 742 508 800 etiam
531 743 562 800 in
587 743 713 818 collegas
736 753 801 800 tuos
823 742 1064 801 contumeliosam
1119 728 1125 754 ⁵

123 838 221 898 fuisse.
272 857 300 911 4.
332 838 395 899 Iam
422 839 493 897 illud
520 840 832 910 senatusconsultum,
854 840 934 918 quod
958 841 1064 901 codic

124 935 233 994 iactum
260 945 313 1008 est,
338 955 373 995 ea
400 938 606 1014 perscriptione
635 947 685 1009 est,
708 948 749 1009 ut,
777 937 846 995 dum
874 936 904 994 id
931 937 1063 1008 exstabit,

124 1033 251 1092 officium
264 1052 364 1092 meum
382 1034 413 1092 in
432 1045 460 1093 te
479 1035 636 1094 obscurum
657 1053 721 1094 esse
740 1053 801 1093 non
819 1035 918 1110 possit.
960 1034 1065 1094 Postea

124 1149 192 1190 vero
206 1151 294 1207 quam
308 1132 457 1207 profectus
476 1152 516 1204 es,
531 1133 616 1192 velim
635 1135 794 1204 recordere,
809 1150 884 1208 quae
905 1150 961 1208 ego
981 1133 1017 1191 de
1035 1143 1065 1193 te

125 1230 155 1286 in
170 1238 272 1287 senatu
286 1231 405 1304 egerim,
419 1249 494 1306 quae
508 1230 539 1287 in
553 1231 737 1289 contionibus
752 1230 881 1301 dixerim,
896 1248 969 1306 quas
983 1229 1021 1288 ad
1037 1239 1065 1289 te

124 1326 232 1384 litteras
255 1327 398 1386 miserim:
424 1346 589 1403 quaecum
613 1329 711 1386 omnia
733 1328 890 1403 collegeris,
915 1337 976 1386 tum
1002 1327 1065 1404 ipse

125 1424 210 1482 velim
224 1424 343 1497 iudices,
357 1426 463 1484 satisne
477 1426 605 1484 videatur
623 1426 668 1484 his
686 1427 823 1484 omnibus
836 1425 923 1484 rebus
936 1435 1003 1484 tuus
1016 1424 1066 1483 ad-

125 1531 236 1592 ventus,
252 1539 319 1580 cum
333 1523 465 1598 proxime
483 1522 612 1581 Romam
625 1523 735 1594 venisti,
750 1531 849 1582 mutue
869 1523 1065 1599 respondisse.

128 1634 154 1692 5.
170 1618 259 1690 Quod
270 1619 370 1678 scribis
380 1619 416 1678 de
428 1619 610 1678 reconciliata
618 1622 716 1696 gratae
727 1629 835 1690 nostra,
846 1639 907 1679 non
920 1620 1065 1696 intellego,

126 1735 178 1776 cur
191 1717 402 1775 reconciliatam
416 1734 481 1775 csse
495 1718 583 1788 dicas,
593 1735 667 1793 quae
678 1735 838 1793 numquam
852 1717 1004 1777 imminuta
1014 1729 1065 1778 est.

127 1816 155 1871 6.
176 1812 267 1884 Quod
280 1813 382 1872 scribis
395 1832 457 1872 non
471 1815 633 1889 oportuisse
648 1814 798 1873 Metellum
808 1814 923 1874 fratrem
934 1823 1015 1872 tuum
1027 1817 1066 1874 ob

127 1910 236 1969 dictum
263 1929 282 1968 a
308 1929 356 1968 me
379 1912 552 1986 oppugnari,
574 1910 700 1986 primum
724 1911 781 1970 hoc
804 1911 889 1970 velim
911 1912 1065 1981 existimes,

127 2008 256 2066 animum
270 2007 341 2064 mihi
354 2008 441 2066 istum
455 2018 537 2066 tuum
550 2008 734 2067 vehementer
748 2009 864 2085 probari
874 2018 903 2068 et
912 2008 1066 2068 fraternam

126 2106 243 2182 plenam
257 2103 442 2164 humanitatis
456 2123 490 2163 ac
503 2106 616 2180 pietatis
631 2106 822 2177 voluntatem;
845 2106 958 2177 deinde,
973 2107 996 2166 si
1009 2125 1067 2183 qua

127 2220 184 2278 ego
198 2201 229 2259 in
246 2220 276 2259 re
293 2201 372 2259 fratri
390 2210 441 2259 tuo
459 2202 500 2259 rei
518 2201 650 2276 publicae
667 2220 755 2261 causa
773 2202 930 2273 restiterim,
946 2213 977 2261 ut
997 2202 1066 2260 mihi

127 2300 279 2374 ignoscas;
300 2307 361 2357 tam
382 2299 461 2356 enim
481 2317 547 2357 sum
568 2300 678 2358 amicus
696 2300 736 2357 rei
755 2300 896 2375 publicae,
911 2318 999 2376 quam
1018 2303 1067 2376 qui

128 2395 272 2468 maxime;
295 2395 319 2453 si
333 2413 401 2454 vero
415 2413 512 2454 meam
527 2396 648 2454 salutem
666 2407 767 2454 contra
785 2396 858 2453 illius
876 2397 1017 2473 impetum
1036 2398 1067 2456 in

127 2510 176 2551 me
190 2490 421 2551 crudelissimum
435 2491 622 2563 defenderim,
634 2493 702 2551 satis
716 2493 824 2552 habeas
839 2493 910 2552 nihil
923 2495 1067 2552 meetiam

128 2599 226 2648 tecum
254 2589 290 2647 de
318 2588 360 2647 tui
383 2588 478 2648 fratris
501 2589 604 2647 iniuria
627 2588 783 2665 conqueri:
807 2607 896 2665 quem
918 2608 976 2665 ego
1001 2607 1069 2648 cum

129 2689 337 2764 comperissem
364 2706 483 2746 omnem
508 2689 552 2747 sui
576 2688 736 2747 tribunatus
760 2699 898 2746 conatum
921 2689 952 2746 in
973 2706 1070 2747 meam

129 2785 288 2861 perniciem
301 2802 402 2859 parare
422 2794 509 2860 atque
527 2784 667 2855 meditari,
682 2785 729 2860 egi
747 2802 815 2843 cum
836 2784 965 2854 Claudia,
980 2803 1071 2844 uxore

130 2895 189 2951 tua,
204 2891 233 2939 et
254 2899 320 2938 cum
333 2892 427 2939 vestra
447 2899 547 2940 sorore
567 2880 675 2951 Mucia,
690 2881 771 2939 cuius
790 2899 861 2957 erga
878 2900 926 2939 me
945 2881 1071 2940 studium

130 2996 185 3055 pro
196 2975 388 3052 CnPompeii
396 2977 607 3035 necessitudine
616 2978 713 3035 multis
724 2977 755 3035 in
765 2979 851 3036 rebus
859 2994 1071 3053 perspexeram,

130 3085 164 3136 ut
177 3092 244 3133 eum
258 3075 296 3132 ab
310 3073 357 3131 illa
372 3074 476 3131 iniuria
494 3073 678 3175 deterrepgnt.
720 3088 747 3149 7.
769 3074 859 3151 Atqui
878 3074 932 3145 ille,
947 3075 1026 3152 quod
1043 3084 1072 3135 te

131 3171 247 3232 audisse
270 3179 350 3230 certo
370 3172 432 3242 scio,
453 3189 496 3246 pr.
520 3139 764 3241 Kal¹Iarii1arias
783 3189 842 3247 qua
863 3170 963 3229 iniuria
983 3189 1072 3230 nemo

131 3287 273 3346 umquam
311 3268 342 3326 in
377 3268 500 3326 minimo
538 3268 707 3344 magistratu
740 3267 970 3343 improbissimus
1004 3267 1072 3326 civis

129 3365 263 3428 adfectus
282 3375 334 3440 est,
349 3383 384 3425 ea
403 3382 450 3425 me
471 3365 622 3426 consulem
640 3364 754 3439 adfecit,
766 3382 834 3425 cum
852 3382 914 3425 rem
927 3364 1072 3445 publicam
