2392 3848
117 149 161 233 96
388 164 427 214 rr.
451 165 573 215 rvrrrr
594 166 782 216 cronnorvrs
944 151 1050 237 [amn

118 304 242 382 ‘quain
261 305 376 364 causa?’
417 304 458 364 M.
480 306 632 378 Tuccium,
654 318 854 366 accusatorem
875 325 974 378 suum,
993 315 1054 385 post

117 404 201 461 ludos
221 403 372 462 Romanos
386 423 467 462 reum
486 405 550 481 lege
569 406 662 464 Plotia
675 406 713 464 de
726 407 754 464 vi
772 405 841 464 fecit
855 405 914 466 hoc
928 407 1054 476 consilio,

118 501 198 577 quod
222 501 345 571 videbat,
371 502 394 560 si
415 503 657 561 extraordinarius
680 521 746 561 reus
770 520 859 561 nemo
880 505 1056 574 accessisset,

118 599 172 657 sibi
195 598 252 657 hoc
276 617 354 657 anno
379 618 497 659 causam
525 619 589 660 esse
617 602 789 673 dicendam3
824 601 948 660 dubium
976 619 1057 678 porro

118 697 157 754 illi
181 714 242 754 non
264 706 332 764 erat,
355 698 425 771 quid
447 698 573 756 futurum
597 708 681 758 esset.
725 698 843 759 Nemini
867 698 926 758 hoc
948 699 1057 759 deferre

117 793 321 853 munusculum
346 796 446 854 maluit
469 814 558 872 quam
582 815 636 855 suo
661 797 830 856 accusatori.
865 796 978 874 Itaque
1000 798 1058 856 sine

117 893 175 950 ullo
197 893 389 968 subscriptore
410 894 559 953 descendit
579 905 608 953 et
628 893 773 954 Tuccium
797 913 879 954 reum
901 895 980 954 lecit.
1020 896 1059 954 At

118 1009 184 1066 ego,
216 991 300 1049 simul
334 1001 420 1068 atque
456 992 558 1064 audivi,
593 994 742 1053 invocatus
776 992 814 1051 ad
849 993 987 1053 subsellia
1020 996 1060 1053 rei

118 1107 255 1160 occurro;
291 1107 389 1165 surgo,
417 1107 511 1166 neque
546 1091 665 1149 verbum
699 1091 736 1150 de
770 1110 801 1151 re
834 1091 930 1152 facio:
966 1103 1057 1152 toturn

119 1186 324 1262 Sempronium
350 1205 443 1263 usque
470 1206 507 1246 eo
534 1207 653 1265 perag0,
681 1200 713 1248 ut
740 1186 907 1249 Vestorium
941 1208 1059 1266 quoqne

117 1285 300 1360 interponam
321 1294 350 1342 et
370 1285 446 1344 illam
466 1285 593 1345 fabulam
613 1305 734 1358 narrem,
755 1304 844 1364 quem
871 1289 911 1346 ad
937 1289 1059 1348 modum

117 1384 169 1441 tibi
190 1400 244 1458 pro
266 1383 408 1441 beneficio
432 1383 550 1455 dederit,
572 1383 593 1452 †
617 1386 642 1443 si
663 1386 742 1462 quod
763 1386 872 1444 iniuriis
894 1387 954 1446 suis
975 1399 1059 1456 esset,

117 1490 150 1539 ut
179 1480 330 1538 Vestorius
362 1489 479 1540 teneret.
522 1501 548 1540 2.
571 1482 655 1541 Haec
686 1501 803 1559 quoque
836 1501 945 1560 magna
981 1503 1059 1544 nunc

118 1579 265 1640 contentio
286 1578 381 1636 lorum
402 1590 496 1638 tenet:
526 1577 568 1638 M.
591 1581 724 1640 Servilius
748 1591 912 1658 postquam,
935 1592 968 1641 ut
994 1602 1058 1643 coe·

118 1687 206 1755 perat,
228 1677 364 1736 omnibus
387 1677 416 1735 in
440 1679 525 1737 rebus
546 1681 674 1737 turbarat
695 1697 750 1737 nec
772 1680 853 1756 quod
874 1697 935 1738 non
952 1682 1059 1740 vende·

118 1787 162 1836 ret
182 1776 337 1853 quicquam
362 1777 511 1852 reliquerat
534 1778 719 1852 maximaque
743 1778 828 1836 nobis
851 1779 971 1838 traditus
1001 1791 1061 1839 erat

119 1876 232 1947 invidia,
248 1891 342 1949 neque
364 1874 527 1933 Laterensis
548 1885 663 1951 praetor
683 1875 884 1952 expostulante
905 1875 1058 1948 Pausania,

120 1977 205 2036 nobis
236 1975 372 2051 patronis,
400 1991 456 2040 ovo
486 1991 525 2031 nn
553 1991 675 2032 suevum
705 1991 902 2045 nauvnmssnr,
931 1977 1059 2053 recipere

120 2075 216 2146 voluit,
236 2073 273 2144 Q.
290 2073 385 2143 Pilius,
405 2073 584 2130 necessarius
605 2071 692 2130 Attici
713 2073 812 2144 nostri,
833 2073 871 2131 de
891 2076 1059 2150 repetundis

121 2192 187 2234 eum
209 2168 376 2249 postulavit:
405 2189 513 2246 magna
534 2170 599 2229 ilico
620 2167 699 2229 fama
720 2172 841 2230 surrexit
863 2182 892 2230 et
916 2173 953 2232 de
978 2174 1061 2232 dam·

120 2272 238 2330 natione
259 2269 399 2327 ferventer
419 2269 499 2343 loqui
520 2279 563 2327 est
584 2280 730 2345 coeptum.
773 2269 843 2341 Quo
864 2280 952 2329 vento
974 2273 1060 2348 proii-

120 2372 192 2430 citur
219 2370 333 2445 Appius
364 2369 468 2438 minor,
496 2377 527 2426 ut
557 2367 694 2426 indicaret
722 2369 876 2444 pecuniam
906 2387 944 2427 ex
974 2371 1061 2430 bonis

118 2467 208 2546 patris
229 2466 392 2543 pervenisse
413 2465 452 2523 ad
471 2464 621 2524 Servilium
640 2466 951 2543 praevaricationisque
973 2487 1060 2528 causa

120 2568 227 2627 diceret
262 2564 427 2640 depositum
461 2562 524 2621 HS.
555 2581 650 2622 Lxxru.
692 2563 851 2622 Admiraris
886 2566 1060 2625 amentiam:

120 2667 210 2725 immo
239 2663 263 2722 si
290 2664 434 2721 actionem
465 2661 702 2738 stultissimasque
730 2662 766 2719 de
799 2679 839 2732 se,
868 2662 992 2722 nefarias
1025 2665 1061 2723 de

120 2775 200 2842 patre
236 2761 435 2820 confessiones
469 2759 618 2818 audisses?
675 2778 700 2834 3.
723 2759 810 2818 Mittit
844 2759 874 2817 in
909 2761 1061 2820 consilium

120 2861 240 2920 eosdem
259 2859 332 2929 illos,
350 2859 398 2934 qui
419 2858 482 2916 lites
499 2858 690 2928 aestimarant,
710 2858 827 2916 iudices·
870 2855 946 2916 Cum
966 2877 1061 2935 aequo

121 2976 243 3018 numero
271 2956 429 3016 sententiae
457 2955 586 3025 luissent,
616 2956 780 3013 Laterensis
810 2954 890 3030 leges
921 2956 1061 3032 ignoraus

121 3056 324 3134 pronuntiavit,
346 3054 414 3130 quid
436 3053 538 3128 singuli
560 3053 675 3111 ordines
696 3054 879 3124 iudicassent,
900 3063 930 3112 et
947 3055 986 3113 ad
1010 3074 1060 3114 ex-

121 3166 253 3224 tremum,
282 3163 312 3211 ut
340 3153 441 3222 solent,
465 3169 524 3211 von
551 3169 690 3210 unnrcnn.
741 3151 901 3228 Postquam
929 3152 1062 3214 discessit

122 3263 150 3312 et
178 3270 232 3329 pro
260 3250 393 3309 absoluto
422 3249 555 3307 Servilius
583 3249 682 3307 haberi
710 3260 830 3326 coeptus
858 3261 901 3309 est
931 3249 1061 3328 legisque

122 3368 213 3410 unum
235 3359 265 3409 et
288 3349 475 3408 centesimum
505 3357 588 3408 siout
606 3347 683 3423 legit.
705 3347 736 3405 in
759 3367 817 3416 quo
840 3349 878 3408 ita
900 3361 1063 3422 erat,ov01>
