2392 3848
162 176 182 269 8
444 191 481 241 M.
504 190 624 239 resurr
644 190 834 239 crosnoivrs
996 174 1069 261 [Pars
1087 187 1112 241 1.

163 378 390 436 conservassem,
413 375 499 442 atque
521 366 676 423 abeuntem
696 364 866 440 magistratu
890 361 1035 422 contionis
1059 362 1113 422 ha-

161 464 275 522 bendae
291 472 434 539 potestate
449 463 583 539 privavit3
603 464 685 521 cuius
699 462 802 520 iniuria
812 462 883 518 mihi
893 471 991 519 tamen
1002 460 1113 518 honori

162 578 279 619 summo
304 560 374 619 suit:
402 579 481 632 nam,
505 578 572 618 cum
597 561 642 618 ille
664 559 735 617 mihi
759 558 828 616 nihil
850 559 906 616 nisi
928 566 960 616 ut
983 558 1113 615 iurarem

163 659 349 734 permitteret,
378 675 486 734 magna
519 675 591 716 voce
623 657 714 719 iuravi
741 657 922 715 verissimum
951 655 1112 732 pulcherri-

162 773 301 832 mumque
321 757 367 814 ius
389 754 550 824 iurandum,
571 754 652 839 quod
672 753 800 830 populus
821 754 890 811 item
909 769 1016 827 magna
1034 769 1111 810 voce

161 869 210 910 me
238 870 304 910 vere
332 853 441 911 iurasse
469 841 609 910 iuravit<
627 853 654 908 8.
685 837 752 910 Hac
775 859 976 927 acceptatam
1001 817 1132 924 insignil

164 948 276 1020 iniuria,
292 958 391 1008 tamen
410 949 458 1009 illo
477 950 541 1025 ipso
562 949 608 1007 die
627 949 693 1006 misi
713 948 751 1006 ad
770 947 922 1006 Metellum
936 963 1113 1004 communes

164 1045 283 1117 amicos,
300 1046 349 1121 qui
369 1054 488 1121 agerent
505 1063 572 1104 cum
590 1062 637 1116 e0,
651 1055 683 1102 ut
700 1044 738 1103 de
757 1045 804 1103 illa
822 1053 919 1102 mente
939 1043 1111 1115 desisteret3

163 1145 269 1220 quibus
283 1144 329 1201 ille
342 1144 492 1220 respondit
507 1144 561 1202 sibi
576 1162 636 1202 non
648 1161 712 1201 esse
722 1143 883 1219 integrum:
903 1143 1009 1200 etenim
1021 1141 1113 1216 paulo

165 1252 231 1301 ante
250 1243 281 1300 in
300 1243 438 1302 contione
457 1243 568 1302 dixerat
586 1242 622 1312 ei,
641 1242 690 1318 qui
711 1242 742 1300 in
763 1241 835 1300 alios
857 1241 985 1299 animum
1007 1240 1113 1297 adver-

163 1341 245 1398 tisset
258 1340 366 1398 indicta
380 1357 475 1410 causa,
486 1338 601 1397 dicendi
616 1340 670 1415 ipsi
685 1348 858 1415 potestatem
873 1339 933 1397 fieri
947 1355 1007 1395 non
1020 1355 1114 1413 opor-

164 1445 232 1495 tere.
276 1436 437 1495 Hominem
463 1454 580 1512 gravem
605 1445 634 1494 et
656 1436 748 1495 civem
772 1437 940 1512 egregiumi
969 1436 1026 1510 qui,
1051 1448 1115 1509 qua

163 1552 262 1609 poena
277 1543 394 1591 senatus
408 1549 554 1591 consensu
570 1533 716 1591 bonorum
734 1534 865 1590 omniurn
883 1549 937 1590 eos
957 1530 1114 1600 adfecerat,

166 1633 214 1708 qui
229 1632 332 1689 urbem
345 1629 501 1688 incendere
516 1639 544 1689 et
558 1633 742 1706 magistratus
757 1645 792 1691 ec
810 1639 941 1688 senatum
960 1629 1114 1701 trucidare,

72 1748 74 1752 ’
165 1728 273 1787 bellum
306 1729 466 1786 maximum
498 1727 627 1786 conflare
654 1727 820 1798 voluissent,
849 1726 954 1785 eadem
989 1726 1115 1801 dignum

167 1827 305 1886 iudicaret
320 1842 396 1896 eum,
412 1825 462 1902 qui
481 1825 590 1883 curiam
605 1824 703 1894 caede,
718 1826 820 1883 urbem
834 1824 983 1894 incendiis,
998 1820 1116 1882 Italiam

167 1925 243 1982 bello
272 1921 428 1981 liberasset.
478 1921 580 1998 Itaque
609 1940 664 1998 ego
692 1921 820 1994 Metello,
842 1923 920 1981 fratri
945 1932 1003 1993 tuo,
1027 1936 1115 1998 prae-

168 2021 242 2079 senti
265 2020 370 2079 restiti:
397 2020 518 2078 namin
541 2028 643 2079 senatu
668 2016 733 2079 Kal.
756 2019 897 2078 ianuariis
920 2019 961 2078 sic
985 2037 1052 2077 curn
1076 2038 1115 2079 eo

167 2118 204 2175 de
227 2135 258 2176 re
281 2116 398 2194 publica
423 2116 626 2191 disputarint
649 2116 766 2174 sentiret
790 2115 844 2173 sibi
859 2134 936 2233 gum
960 2117 1020 2174 viro
1046 2115 1116 2176 lorti

167 2225 197 2272 et
221 2214 365 2273 constanti
391 2230 454 2271 esse
483 2213 683 2288 pugnandum.
726 2231 751 2274 a.
773 2213 799 2270 d.
821 2226 862 2270 111.
892 2213 969 2272 Non.
996 2213 1114 2274 Ianuar.

168 2331 236 2371 cum
256 2329 343 2388 agere
364 2311 517 2387 coepisset,
533 2311 615 2369 tertio
634 2328 752 2387 quoque
773 2311 862 2368 verbo
882 2311 1021 2369 orationis
1043 2330 1116 2371 suae

168 2427 215 2468 me
230 2408 403 2485 appellabat,
415 2408 486 2465 mihi
499 2408 679 2480 minabatur3
695 2426 790 2484 neque
804 2407 843 2467 rili
854 2409 1010 2488 quicquam
1022 2407 1116 2467 delib-

168 2507 274 2565 eratius
303 2505 355 2563 fuit
380 2520 470 2581 quam
496 2523 553 2575 me,
576 2519 760 2581 quacumque
784 2505 1025 2581 rationeposset,
1050 2520 1117 2566 non

167 2605 274 2663 iudicio
302 2620 398 2680 neque
427 2603 644 2678 disceptatione,
673 2603 725 2661 sed
752 2603 780 2660 vi
808 2612 893 2680 atque
921 2604 1117 2678 impressione

167 2713 302 2762 evertere.
352 2700 450 2760 Huius
475 2717 531 2776 ego
554 2700 706 2760 temeritati
732 2700 756 2758 si
779 2701 880 2760 virtute
905 2710 991 2776 atque
1014 2701 1116 2762 animo

166 2817 228 2860 non
242 2800 421 2871 restitissem,
435 2800 500 2876 quis
516 2806 592 2858 esset
608 2799 658 2875 qui
676 2816 724 2856 me
743 2799 774 2856 in
794 2797 945 2860 consulatu
963 2816 1024 2856 non
1042 2797 1117 2860 casu

167 2900 266 2976 potius
286 2898 466 2956 existimaret
487 2915 576 2973 quam
596 2896 718 2955 consilio
738 2895 843 2955 fortem
861 2893 970 2953 fuisse?
992 2915 1019 2970 9.
1039 2895 1117 2958 haec

168 2998 192 3057 si
215 3008 246 3056 tu
264 2995 415 3055 Metellum
432 2996 563 3070 cogitare
584 2994 620 3053 de
639 3011 687 3053 me
702 2994 828 3064 nescisti,
845 2993 934 3052 debes
947 2993 1118 3055 existimare

167 3105 195 3152 te
212 3095 345 3152 maximis
369 3093 405 3151 de
427 3094 514 3151 rebus
539 3111 557 3152 a
579 3091 664 3150 fratre
687 3109 751 3149 esse
775 3089 918 3164 celatum3
947 3090 991 3150 sin
1014 3099 1117 3152 autem

169 3191 278 3268 aliquid
292 3190 445 3267 impertivit
459 3190 509 3248 tibi
524 3190 568 3247 sui
582 3188 703 3258 consilii,
712 3188 785 3246 lenis
799 3207 817 3246 a
830 3197 858 3246 te
873 3196 901 3246 et
915 3187 1004 3246 facilis
1016 3188 1117 3247 existi·

170 3290 243 3347 rnari
258 3288 360 3359 debeo,
372 3289 421 3365 qui
436 3281 506 3346 nihss
521 3297 617 3346 tecum
632 3287 669 3345 de
683 3286 727 3345 his
741 3286 811 3361 ipsis
825 3281 911 3344 rebus
921 3285 1116 3362 expostulem.

171 3385 219 3459 Et,
245 3385 269 3445 si
292 3382 436 3463 intellegis
458 3401 601 3445 nonme
627 3384 707 3444 dieto
721 3381 851 3456 Metelli,
872 3393 907 3442 ut
927 3381 1037 3455 scribis,
1059 3381 1118 3444 sed
