2498 3840
211 181 258 243 xii
561 194 644 242 Vim
671 195 866 243 arcanorum.

241 350 306 383 Annus
316 347 382 383 aetatis

256 398 357 432 Ciceronis.
1074 401 1140 434 ltu-c.

294 470 326 519 54
408 458 546 504 M.Crassus
557 468 636 504 contra
648 458 744 505 Parthos
756 473 859 522 pugnans
870 457 981 504 occiditur
1004 493 1011 506 .
1086 465 1131 519 701

293 550 324 600 55
408 541 434 585 P.
443 539 537 586 Clodius
549 555 561 585 a
574 539 604 586 T.
613 541 702 588 Milone
715 541 809 586 occisus.
839 540 882 587 Cn.
890 539 1011 597 Pompeius

438 621 468 667 iii.
481 622 566 680 consul,
581 624 628 670 siue
641 624 727 686 collega
782 658 788 669 .
855 656 861 669 .
928 657 934 669 .
1001 655 1007 668 .
1085 627 1130 680 702

270 701 351 765 56-57
409 703 490 750 Cicero
502 703 606 750 Ciliciam
618 719 660 764 pro
675 705 766 751 consule
782 705 847 767 regit.
881 704 907 748 In
923 704 1011 748 Italiam

440 785 498 832 redit
509 800 530 832 a.
540 785 561 832 d.
574 786 613 833 vii.
625 785 678 834 Kal.
691 787 829 834 Decembres
857 820 865 834 .
932 777 943 831 J
1004 819 1010 831 .

294 865 325 927 58
408 867 496 914 Bellum
510 867 582 914 civile.
616 868 698 915 Cicero
712 878 765 928 post
779 869 873 930 longam
889 869 1013 914 dubitatio·

439 964 492 994 nem
504 949 532 994 ad
545 949 680 1008 Pompeium
692 949 865 1009 proficiscitur.
932 983 938 995 .
1005 984 1010 995 .
1087 957 1133 1010 705

296 1042 327 1093 59
408 1031 464 1076 Post
486 1045 586 1092 pugnam
609 1031 762 1077 Pharsalicam
785 1031 808 1075 in
836 1031 925 1076 Italiam
953 1030 1016 1078 redit

440 1112 506 1159 Mors
517 1113 620 1171 Pompeii
634 1145 1008 1161 ......

295 1193 328 1241 60
409 1195 494 1242 Caesar
505 1201 557 1241 c'um
569 1196 680 1242 Cicerone
691 1197 750 1242 redit
762 1198 784 1241 in
796 1195 893 1259 gratiam
931 1229 937 1240 .
1003 1227 1010 1240 .
1059 1186 1062 1189 ¹

296 1274 326 1324 61
411 1278 498 1324 Bellum
521 1277 662 1322 Africanum.
703 1278 768 1324 Mors
790 1277 893 1324 Catonis.
927 1261 1011 1324 ¹Cicero
1091 1279 1093 1282 ’

441 1359 558 1418 repudiata
569 1357 677 1405 Terentia
685 1360 809 1404 'Publiliam
821 1359 884 1404 ducit
895 1373 991 1405 uxorem
1004 1394 1010 1405 .
1086 1368 1098 1386 ’-

410 1441 475 1486 Mors
487 1440 583 1488 Tulliae.
616 1441 697 1487 Caesar
710 1441 732 1486 in
744 1441 852 1500 Hispania
864 1449 943 1486 contra
955 1439 1012 1487 lilios

441 1522 544 1581 Pompeii
556 1531 642 1584 pugnat

410 1603 438 1651 0.
450 1603 533 1650 Caesar
545 1603 620 1648 Idibus
635 1603 726 1650 Martiis
741 1605 858 1650 occiditur.
892 1605 972 1650 Cicero
985 1612 1011 1649 ut

442 1685 513 1731 iturus
535 1685 558 1731 in
581 1686 701 1731 Graeciam
719 1688 834 1744 profectus
853 1686 953 1732 Romam
976 1701 1011 1732 re-

443 1768 545 1816 vertitur.
578 1767 700 1814 Orationes
717 1776 825 1827 quattuor
842 1767 912 1814 habet
932 1769 955 1813 in
975 1768 1010 1815 M.

445 1851 580 1904 Antonium,
589 1863 646 1908 quae
658 1847 795 1909 Philippicae
807 1850 932 1909 appellatae
943 1858 1008 1896 sunt.

413 1930 494 1978 Cicero
517 1931 571 1977 alias
593 1932 706 1977 orationes
729 1931 807 1977 decem
829 1930 966 1991 Philippicas
987 1932 1010 1977 in

443 2013 481 2061 M.
499 2015 627 2060 Antonium
647 2012 723 2060 habet.
765 2014 853 2059 Bellum
873 2013 1011 2063 Mutinense.

444 2095 526 2143 Cicero
538 2095 578 2144 vii.
590 2095 623 2141 ld.
636 2095 776 2141 Decembres
788 2094 901 2141 occiditur
931 2128 937 2141 .
1004 2127 1010 2139 .
1086 2102 1129 2154 711
