2392 3848
122 206 167 271 ap.
184 192 239 278 na]
337 205 448 255 aaran
472 205 521 253 aa
542 203 710 254 arricum
729 206 777 254 ιν.
804 204 853 275 15.
1027 204 1066 272 73

122 354 195 413 nibil
214 365 273 414 tam
289 399 297 414 .
312 399 319 414 .
337 373 458 414 .verum
477 355 549 414 haec
570 365 601 412 tu
621 365 717 413 tecum
736 354 851 412 habeto.
893 351 930 411 In
950 351 1067 410 Andro-

122 451 230 511 macha
243 466 342 511 tamen
356 453 449 510 maior
463 453 515 510 fuit
530 470 618 529 quam
632 452 789 526 Astyanax,
805 451 836 507 in
851 450 952 508 ceteris
967 468 1068 525 parem

122 549 225 609 habuit
250 553 408 609 neminem.
457 550 580 622 Quaeris
609 568 688 607 nunc
715 549 752 606 de
777 548 954 607 Arbuscula:
985 547 1067 606 valde

121 649 241 726 placuit.
287 648 362 707 Ludi
386 649 533 724 magnifici
558 658 586 706 et
610 649 692 722 grati.
739 658 766 720 7.
787 646 912 705 Venatio
936 647 967 703 in
989 645 1067 703 aliud

121 756 241 824 tempus
268 747 363 806 dilata.
414 745 541 822 Sequere
564 763 643 803 nunc
671 764 719 803 me
744 746 774 802 in
802 762 954 818 campum:
987 744 1068 802 ardet

122 845 268 916 ambitus3
299 849 368 916 σῆμα
389 846 419 900 δέ
443 868 483 899 τοι
510 845 580 918 ἐρέω.
637 843 752 900 Faenus
780 862 816 900 ex
839 842 940 899 triente
966 841 1067 900 Idibus

122 943 319 1017 Quinctilibus
338 943 447 1000 factum
464 953 526 1000 erat
544 943 684 999 bessibus.
728 940 816 998 Dices
839 941 928 998 ‘istuc
948 940 1067 1016 quidem

122 1058 187 1099 non
209 1040 331 1099 moleste
356 1039 435 1097 iero!
486 1038 514 1099 O
539 1039 646 1096 viruml
678 1038 707 1098 Ο
732 1039 841 1096 civeml
892 1037 1067 1095 Memmium

122 1136 259 1197 Caesaris
286 1154 390 1195 omnes
417 1154 490 1214 opes
518 1137 708 1208 confirmant3
745 1155 812 1195 cum
840 1153 876 1193 eo
904 1135 1069 1193 Domitium

123 1235 261 1295 consules
283 1235 445 1305 iunxerunt,
471 1252 528 1310 qua
551 1236 694 1309 pactione,
719 1234 859 1309 epistolae
887 1233 1068 1292 committere

122 1349 188 1393 non
208 1332 312 1392 audeo.
353 1334 510 1411 Pompeius
532 1334 633 1405 fremit,
660 1336 793 1411 queritur,
822 1334 930 1392 Scauro
956 1333 1068 1403 studet;

124 1430 180 1491 sed
202 1441 299 1490 utrum
323 1431 418 1491 fronte
440 1451 479 1491 an
500 1445 605 1504 mente,
627 1433 780 1492 dubitatur.
821 1434 916 1505 Ἐξοχὴ
937 1433 967 1489 in
990 1431 1069 1489 nullo

125 1540 191 1605 est3
222 1531 347 1608 pecunia
374 1533 506 1589 omnium
534 1531 703 1607 dignitatem
731 1541 881 1607 exaequat.
932 1529 1070 1589 Messalla

124 1628 253 1705 languet,
268 1646 330 1686 non
348 1646 408 1704 quo
428 1639 477 1686 aut
498 1630 613 1687 animus
634 1629 708 1687 desit
729 1639 778 1686 aut
797 1629 890 1699 amici,
910 1628 961 1686 sed
981 1628 1070 1686 coitio

126 1726 282 1787 consulum
295 1732 323 1784 e!
333 1726 491 1802 Pompeius
511 1728 626 1784 obsunt.
667 1725 711 1785 Ea
731 1727 847 1784 comitia
866 1737 938 1801 puto
957 1724 1019 1783 fore
1038 1735 1071 1782 ut

126 1823 279 1883 ducantur.
329 1823 489 1881 Tribunicii
532 1823 675 1881 candidati
713 1823 841 1882 iurarunt
882 1841 913 1881 se
955 1822 1070 1880 arbitrio

127 1920 250 1982 Catonis
270 1921 429 1997 petituros:
450 1920 529 1995 apud
550 1938 617 1977 eum
632 1919 694 1978 HS.
710 1921 857 1996 quingena
874 1920 1072 1996 deposuerunt

125 2030 168 2091 ut,
182 2019 234 2095 qni
247 2036 265 2076 a
280 2016 392 2077 Catone
407 2017 561 2075 damnatus
582 2028 667 2086 esset,
682 2017 712 2074 id
727 2017 859 2092 perderet
880 2025 908 2075 et
929 2017 1071 2092 competi·

125 2118 239 2177 toribus
251 2117 431 2176 tribueretur.
475 2119 500 2174 8.
524 2116 608 2174 Haec
622 2133 679 2191 ego
694 2117 785 2192 pridie
799 2116 970 2186 scribebam,
982 2133 1071 2191 quam

126 2215 248 2275 comitia
267 2212 329 2271 fore
349 2215 544 2289 putabantur;
566 2213 618 2271 sed
642 2212 679 2271 ad
700 2224 736 2283 te,
759 2214 861 2288 quinto
884 2213 949 2270 Kal.
973 2213 1070 2272 Sextil.

126 2314 152 2373 si
179 2311 257 2370 facta
288 2320 372 2369 erunt
399 2321 427 2369 et
454 2310 617 2369 tabellarius
651 2329 712 2370 non
747 2313 799 2369 erit
828 2311 983 2386 proiectus,
1011 2323 1072 2371 tota

125 2409 247 2471 comitia
266 2409 453 2484 perscribam,
468 2426 542 2484 quae
563 2409 594 2478 si,
610 2418 642 2466 ut
658 2419 802 2484 putantur,
817 2411 940 2484 gratuita
957 2409 1070 2480 fuerint,

125 2508 195 2587 plus
221 2524 297 2565 unus
325 2504 399 2564 Cato
428 2506 553 2581 potuerit
581 2524 668 2582 quam
696 2525 785 2564 omnes
812 2508 882 2582 leger
910 2525 1072 2582 omnesque

126 2606 246 2665 iudices.
289 2622 316 2679 9.
347 2602 473 2661 Messius
495 2602 702 2662 defendebatur
723 2622 741 2661 a
762 2605 847 2662 nobis
869 2603 904 2661 de
925 2603 1071 2680 legatione

126 2711 299 2773 revocatus;
328 2719 397 2757 nam
419 2718 486 2758 eum
507 2699 625 2758 Caesari
646 2700 755 2776 legarat
772 2701 894 2777 Appius
939 2701 1072 2760 Servilius

126 2799 218 2859 edixit
246 2807 278 2856 ut
304 2797 424 2855 adesset
468 2797 575 2854 Tribus
601 2797 687 2855 habet
712 2798 905 2873 Pomptinam,
926 2798 1071 2869 Velinam,

126 2896 284 2957 Maeciam.
320 2894 468 2970 Pugnatur
482 2895 601 2966 acriter;
623 2897 715 2971 agitur
729 2908 826 2954 tamen
841 2897 917 2954 satis.
958 2895 1072 2954 Deinde

127 3010 179 3053 me
206 2992 333 3069 expedio
361 2993 398 3051 ad
423 2991 561 3063 Drusum,
587 2993 655 3050 inde
684 2993 721 3051 ad
748 2992 907 3052 Scaurum:
936 3002 1074 3068 parantur

127 3090 309 3151 orationibus
335 3089 445 3148 indices
472 3090 600 3164 gloriosi.
656 3090 790 3149 Fortasse
818 3090 958 3149 accedent
985 3091 1074 3150 etiam

127 3187 266 3249 consules
290 3186 441 3262 designati,
464 3187 494 3244 in
518 3187 622 3263 quibus
645 3188 669 3246 si
696 3187 819 3247 Scaurus
844 3207 905 3246 non
929 3187 1021 3260 fuerit,
1044 3189 1074 3246 in

127 3285 186 3347 hoc
213 3284 323 3344 iudicio
346 3282 427 3342 valde
454 3284 603 3343 laborabit.
657 3304 702 3343 10.
725 3283 771 3343 Ex
794 3285 831 3357 Q.
856 3285 948 3344 fratris
976 3286 1075 3345 litteris

128 3384 264 3462 suspicor
287 3382 346 3441 iam
370 3399 438 3440 eum
462 3399 526 3441 esse
551 3381 581 3440 in
605 3381 775 3442 Britannia:
808 3400 951 3459 suspenso
976 3384 1075 3442 animo
