2392 3848
60 216 108 283 up
122 202 180 287 m]
284 214 396 266 aaron
418 213 469 263 Ao
488 214 656 267 arricum
674 217 722 265 rx.
746 215 775 284 7.
943 216 1002 284 147

58 382 125 425 non
139 381 257 424 causam
270 360 314 444 [ut
327 365 358 423 in
372 363 494 435 Milone,
507 375 540 423 ut
553 366 583 423 in
605 409 612 425 .
634 409 641 426 .
665 408 673 424 .
695 366 747 424 sed
762 365 826 423 haec
839 361 1004 445 hactenus].

60 480 90 533 4.
113 461 233 522 ‘Causa
245 462 330 538 igitur
344 480 405 520 non
420 464 499 521 bona
511 463 587 521 estl'
622 463 718 521 Immo
733 465 852 539 optima,
864 463 918 521 sed
934 481 1003 539 age·

58 573 116 631 tur,
136 569 295 631 mement0,
316 560 503 619 foedissime:
525 561 651 636 primum
671 561 825 620 consilium
847 571 890 618 est
914 562 1006 620 suffo-

59 674 128 717 care
141 659 244 716 urbem
261 667 290 716 et
310 657 423 717 Italiam
444 662 529 729 fame,
547 658 652 716 deinde
671 676 758 732 agros
777 668 897 729 vastare,
911 676 1004 730 urere,

59 755 195 831 pecuniis
216 754 403 832 locupletium
416 774 470 813 non
484 757 646 828 abstinere;
668 757 719 814 sed
739 774 806 814 cum
825 756 928 815 eadem
942 775 1006 815 me-

59 860 143 911 tuam
165 854 203 912 ab
226 852 281 912 hac
295 863 384 929 parte,
409 855 434 912 si
461 854 531 911 illim
558 855 731 912 beneficium
752 872 813 912 non
835 856 878 924 sit,
900 857 1005 914 rectius

59 961 163 1027 putem
181 951 295 1027 quidvis
311 951 391 1009 domi
411 952 530 1028 perpeti.
574 951 632 1009 Sed
652 953 692 1009 ita
713 953 851 1010 meruisse
873 952 952 1010 illum
968 953 1005 1012 de

59 1066 109 1107 me
122 1058 204 1125 puto,
218 1060 250 1107 ut
264 1048 414 1123 ἀχαριστίας
427 1050 535 1107 crimen
555 1050 651 1107 subire
665 1067 728 1107 non
742 1049 881 1106 audeam:
903 1068 1006 1125 quam-

61 1164 153 1225 quam
174 1165 192 1205 a
212 1156 241 1206 te
261 1147 324 1205 eius
344 1164 461 1224 quoque
482 1148 523 1205 rei
543 1148 618 1205 iusta
640 1146 771 1205 defensio
790 1158 834 1205 est
853 1147 1005 1222 explicata.

61 1258 90 1319 5.
110 1243 159 1303 De
172 1244 318 1320 triumpho
332 1244 383 1302 tibi
397 1245 552 1315 adsentior,
578 1262 666 1321 quem
681 1244 799 1320 quidem
812 1253 906 1303 totum
921 1244 1005 1304 facile

60 1351 91 1401 et
108 1341 232 1401 libenter
252 1343 402 1401 abiecero:
424 1343 540 1418 egregie
561 1342 656 1417 probo
677 1341 740 1400 fore
760 1351 800 1412 ut,
823 1342 894 1400 dum
916 1361 1004 1418 vaga-

59 1456 137 1511 mur,
151 1444 166 1495 ὁ
178 1441 259 1498 πλόος
278 1443 368 1513 ὡραῖος
381 1441 510 1516 obrepat.
554 1440 602 1498 ‘Si
624 1439 729 1499 modo'
744 1440 840 1516 inquis
854 1441 940 1499 ‘satis
959 1442 1004 1500 ille

60 1538 115 1595 erit
129 1534 247 1595 firmus!
288 1536 341 1595 Est
355 1537 464 1595 firmior
479 1538 565 1596 etiam
580 1555 667 1613 quam
682 1537 875 1612 putabamus;
896 1538 933 1595 de
947 1539 1004 1597 isto

59 1632 130 1693 licet
146 1632 222 1691 bene
236 1650 351 1709 speres:
372 1635 510 1709 promitto
530 1634 589 1703 tibi,
605 1634 628 1690 si
649 1633 762 1704 valebit,
777 1633 903 1708 tegulam
923 1634 1003 1692 illum

60 1730 93 1789 in
106 1728 191 1789 Italia
203 1730 312 1787 nullam
322 1729 494 1788 relicturum.
537 1729 638 1788 ‘Tene
653 1730 737 1806 igitur
752 1731 834 1789 socio
844 1729 869 1789 Γ
894 1729 1006 1788 Contra

59 1825 226 1885 mehercule
239 1844 338 1884 meum
359 1827 496 1886 iudicium
511 1838 539 1885 et
553 1838 655 1885 contra
668 1829 798 1885 omnium
819 1829 1005 1903 antiquorum

59 1923 270 1993 auctoritatem,
285 1942 340 1981 nec
354 1933 414 1981 tam
427 1935 460 1982 ut
474 1925 521 1982 illa
534 1925 666 1982 adiuvem
682 1942 771 2001 quam
784 1934 816 1982 ut
829 1924 950 1983 haecne
964 1925 1005 1982 vi·

60 2022 150 2081 deam
160 2021 247 2096 cupio
257 2020 423 2091 discedere;
448 2022 507 2079 noli
522 2023 599 2078 enim
614 2031 715 2097 putare
729 2021 889 2080 tolerabiles
900 2021 1005 2079 horum

59 2119 191 2178 insanias
209 2134 263 2175 nec
282 2118 369 2175 unius
389 2119 470 2176 modi
489 2118 570 2176 fore:
592 2120 643 2176 etsi
661 2118 731 2193 quid
751 2129 778 2176 te
799 2118 903 2176 horum
923 2119 1004 2194 fugit,

60 2216 188 2293 legibus,
202 2214 322 2285 iudiciis,
336 2225 438 2273 senatu
454 2216 576 2285 sublato,
592 2216 733 2286 libidines,
749 2215 891 2286 audacias,
906 2234 1006 2292 sump-

59 2324 119 2386 tus,
133 2321 278 2388 egestates
298 2322 343 2370 tot
364 2313 613 2388 egentissimorum
632 2313 783 2370 hominum
805 2331 860 2372 nec
880 2315 1005 2390 privatas

60 2428 152 2489 posse
170 2427 217 2468 res
231 2428 286 2469 nec
305 2428 367 2467 rem
388 2410 534 2486 publicam
552 2412 714 2470 sustinere?
750 2411 899 2469 Abeamus
920 2412 1006 2486 igitur

60 2508 130 2569 inde
145 2507 272 2584 qualibet
286 2509 477 2583 navigatione¹
490 2509 544 2566 etsi
558 2508 587 2566 id
601 2509 729 2584 quidem,
743 2518 775 2566 ut
789 2509 841 2566 tibi
854 2509 1004 2580 videbitur,

60 2606 116 2667 sed
137 2614 214 2664 certe
238 2606 377 2663 abeamus
389 2624 398 2677 ;
431 2605 555 2665 sciemus
578 2607 665 2677 enim,
687 2607 716 2665 id
741 2605 821 2682 quod
843 2617 1004 2682 exspectas,

61 2703 134 2781 quid
147 2700 291 2760 Brundisii
306 2712 402 2760 actum
416 2703 461 2761 sit.
504 2704 531 2761 6.
554 2700 645 2761 Bonis
658 2703 725 2761 viris
738 2703 819 2778 quod
833 2703 875 2762 ais
889 2703 1005 2779 probari

61 2817 139 2879 quae
154 2798 248 2857 adhuc
269 2798 430 2871 fecerimus,
445 2800 568 2876 scirique
589 2801 626 2858 ab
644 2801 679 2859 iis
699 2820 748 2859 nos
767 2819 829 2860 non
848 2800 1004 2877 profectos,

60 2896 147 2956 valde
173 2895 299 2970 gaudeo,
328 2895 351 2953 si
376 2906 421 2954 est
449 2914 527 2955 nunc
551 2896 625 2955 ullus
653 2897 800 2972 gaudendi
824 2898 916 2955 locus.
957 2896 1004 2955 De

61 2992 190 3053 Lentulo
215 2990 394 3069 investigabo
420 2994 605 3070 diligentius:
626 2995 656 3053 id
676 2995 811 3053 mandavi
839 2994 1003 3065 Philotimo,

60 3088 177 3150 homini
197 3087 263 3147 forti
287 3106 321 3148 ac
346 3091 466 3149 nimium
488 3091 625 3167 optimati.
669 3104 696 3165 7.
716 3091 887 3150 Extremum
907 3101 958 3162 est,
973 3102 1006 3150 ut

61 3187 116 3249 nbi
129 3195 333 3263 argumentum
352 3187 389 3246 ad
410 3189 594 3246 scribendum
616 3188 737 3247 fortasse
758 3189 815 3245 iam
837 3186 1005 3248 desit—nec

63 3286 144 3347 enim
165 3283 222 3342 alia
242 3283 278 3342 de
299 3303 330 3342 re
352 3303 429 3344 nunc
450 3286 506 3344 ulla
528 3287 612 3344 scribi
633 3295 745 3361 potest:
767 3295 795 3343 et
809 3286 846 3343 de
866 3286 920 3344 hac
935 3287 1005 3361 quid

64 3383 124 3441 iam
143 3381 269 3458 amplius
289 3381 409 3441 inveniri
430 3392 526 3461 potest
534 3384 640 3442 l-sed
654 3383 792 3460 quoniam
806 3393 834 3442 et
855 3383 1004 3460 ingenium

510 3497 561 3540 ua
