2392 3848
125 216 170 281 sp.
184 230 230 279 44,
244 199 302 291 tn]
345 215 458 266 aaran.
482 216 531 266 An
552 217 717 267 arrrcnn
741 220 802 267 vra
825 224 856 290 9.
1011 219 1070 282 123

123 363 294 425 habendae
307 365 372 441 lege
385 368 466 425 ratio.
510 380 536 442 7.
552 367 732 443 ‘Depugna’
746 367 841 445 inquis
857 367 968 443 ‘potius
984 384 1072 442 quam

123 461 252 522 servias!
293 461 335 521 Ut
348 464 439 539 quid?
461 464 484 522 si
506 465 596 523 victus
616 467 679 535 eris,
696 466 896 541 proscribarel
917 464 941 523 si
961 465 1071 531 viceris,

123 566 227 615 tamen
248 557 372 616 servias?
396 556 496 628 ‘Quid
516 556 604 633 ergo'
626 560 722 635 inquis
744 563 879 616 ‘acturus
899 557 968 616 esi’
993 556 1071 614 idem

123 653 210 731 quod
223 654 358 731 pecudes,
375 673 448 732 quae
463 654 607 731 dispulsae
627 658 670 716 sui
692 657 806 733 generis
828 665 986 731 sequuntur
1006 673 1071 730 gre-

122 768 199 827 ges:
216 760 248 810 ut
261 752 316 810 bos
330 763 468 823 armenta,
484 753 524 811 sic
536 772 592 829 ego
604 755 700 813 bonos
711 755 788 813 viros
799 761 849 810 aut
863 770 924 824 eos,
939 753 1071 829 quicum·

123 864 185 923 que
196 848 326 907 dicentur
335 849 414 920 boni,
425 867 536 927 sequar,
548 851 634 907 etiam
647 852 669 908 si
679 858 769 909 ruent.
793 849 873 921 Quid
884 849 919 907 sit
929 851 1071 924 optimum

122 940 204 999 male
223 942 378 1000 contractis
399 942 484 1001 rebus
506 942 591 1019 plane
609 943 709 1001 video:
731 942 840 1001 nemini
871 951 915 1000 est
929 943 1006 1000 enim
1021 961 1072 1000 ex·

122 1034 280 1111 ploratum,
295 1053 363 1094 cum
381 1036 419 1094 ad
439 1054 518 1094 arma
539 1047 656 1095 ventum
678 1047 730 1108 est,
745 1036 815 1112 quid
836 1035 962 1093 futurum
983 1036 1027 1106 sit,
1042 1047 1071 1094 at

122 1131 196 1191 illud
209 1132 355 1204 omnibus
369 1133 394 1192 si
415 1133 484 1191 boni
504 1135 570 1192 uicti
591 1135 656 1199 sint,
672 1153 725 1192 nec
746 1135 777 1192 in
798 1133 888 1191 caede
908 1133 1071 1209 principum

122 1229 343 1288 clementiorem
362 1229 439 1288 hunc
459 1230 529 1301 fore,
544 1249 632 1306 quam
647 1231 742 1291 Cinna
761 1229 851 1299 fuerit,
866 1247 922 1287 nec
936 1231 1071 1287 modera-

122 1328 230 1387 tiorem
257 1345 346 1403 quam
372 1327 451 1387 Sulla
477 1329 508 1386 in
536 1328 666 1405 pecuniis
693 1327 890 1402 locupletium.
941 1333 1069 1398 Συμπολι-

121 1424 233 1498 wiopa(
243 1449 287 1482 σοι
300 1425 359 1483 iam
373 1426 492 1495 dudum,
508 1436 536 1484 et
555 1425 680 1484 lacerem
696 1426 809 1494 diutius,
825 1425 880 1482 nisi
894 1442 941 1482 me
955 1424 1072 1483 lucerna

122 1520 280 1582 desereret
320 1522 369 1582 Ad
384 1542 537 1594 summam,
553 1533 619 1584 ‘n1c
638 1523 681 1582 M.
696 1521 811 1582 Tum!
827 1522 1002 1580 ‘Adsentior
1015 1522 1071 1581 Cn.

123 1615 287 1693 Pompeio}
300 1616 330 1676 id
350 1627 394 1676 est
417 1617 454 1675 T.
469 1617 641 1694 Pomponio.
686 1617 809 1684 Alexim,
830 1615 1071 1673 humanissimum

121 1732 259 1793 puerum,
286 1715 340 1773 nisi
367 1714 449 1786 forte,
475 1716 545 1774 dum
573 1733 630 1790 ego
650 1715 762 1785 absum,
784 1713 955 1772 adulescens
979 1713 1072 1772 lactus

122 1811 243 1873 est-id
256 1812 335 1871 enim
349 1830 435 1888 agere
449 1813 646 1885 videbatur-,
661 1814 769 1872 salvere
783 1813 882 1871 iubeas
896 1811 987 1869 velim.

345 1989 393 2045 45.
435 1984 493 2044 An
515 1983 708 2044 Amicum
729 1984 798 2043 vu.
823 2004 849 2059 9.

124 2100 196 2162 Sca.
216 2118 249 2161 m
267 2098 424 2160 Forumno
449 2117 583 2159 aunuum
604 2119 698 2160 musa
719 2100 875 2160 Dacarrsm
896 2117 979 2159 auc.
1004 2112 1019 2173 7
1044 2119 1072 2170 4.

447 2225 549 2267 cremo
570 2224 676 2267 amco
696 2226 759 2266 sn..

170 2340 198 2382 1.
229 2320 452 2394 ‘Quonmmrm’
487 2322 583 2397 inquis
618 2325 653 2380 ‘a
686 2331 715 2381 te
751 2321 936 2397 accipiendae
963 2322 1072 2380 litterae

124 2417 233 2481 sunt?'
254 2419 278 2478 si
291 2419 415 2490 habebo,
430 2419 476 2477 cui
491 2419 567 2490 dem,
583 2420 720 2495 quotidie.
761 2422 818 2478 ‘At
832 2421 890 2478 iarn
904 2421 967 2496 ipse
983 2419 1071 2478 ades?

124 2518 209 2577 Tum
223 2516 316 2593 igitur,
332 2535 399 2575 cum
414 2535 528 2586 vener0,
545 2517 684 2576 desinam.
726 2515 809 2576 Unas
824 2519 908 2576 video
927 2517 996 2574 mihi
1012 2528 1073 2575 ate

124 2632 190 2675 non
204 2632 270 2673 esse
283 2613 417 2684 redditas,
432 2632 505 2689 quas
519 2613 553 2674 L.
563 2614 725 2686 Quinctius,
737 2615 883 2673 familiaris
898 2633 990 2686 meus,
1005 2633 1072 2672 cum

125 2712 222 2784 ferret,
244 2711 282 2769 ad
303 2711 420 2770 bustum
441 2710 529 2768 Basili
550 2711 715 2770 volneratus
736 2723 764 2770 et
789 2712 928 2788 spoliatus
949 2722 1000 2770 est.
1046 2731 1071 2771 a.

125 2808 250 2869 Videbis
262 2810 356 2885 igitur,
372 2826 442 2865 num
457 2808 527 2884 quid
541 2809 624 2867 fuerit
639 2810 669 2868 in
684 2810 726 2879 iis,
742 2810 822 2885 quod
842 2828 889 2867 me
905 2811 977 2868 scire
996 2827 1072 2884 opus

125 2908 172 2979 tlt,
184 2918 214 2966 el
227 2906 312 2967 simul
327 2905 384 2964 hoc
399 2906 578 2979 διευκρινὴσεις
598 2911 737 2979 πρόβλημα
752 2925 821 2965 sane
835 2911 984 2965 πολιτικόνῑ
1005 2925 1072 2964 cum

126 3005 163 3067 uit
183 3022 305 3063 necesse
326 3013 376 3062 aut
398 3002 497 3062 baberi
519 3002 651 3062 Caesaris
672 3005 823 3075 rationem,
843 3004 891 3062 illo
914 3005 1072 3062 exercitum

126 3102 173 3163 uel
193 3120 248 3178 per
272 3111 405 3160 senatum
419 3101 463 3159 vel
485 3119 538 3176 per
557 3102 689 3160 tribunos
707 3101 746 3178 pl.
761 3102 920 3171 obtinente,
935 3110 984 3158 aut
1006 3120 1070 3177 per-

126 3198 242 3259 suaderi
257 3195 384 3266 Caesari,
399 3207 430 3255 ut
449 3198 541 3255 tradat
556 3198 734 3274 provinciam
757 3206 843 3274 atque
863 3198 1023 3256 exercitum
1044 3207 1073 3255 et

127 3298 167 3357 ita
193 3294 298 3355 consul
322 3295 379 3364 fiat,
405 3304 462 3366 aut,
487 3295 510 3353 si
538 3295 568 3352 id
596 3295 621 3353 ei
650 3313 712 3353 non
736 3295 951 3370 persuadeatur,
975 3295 1073 3352 haberi

129 3392 246 3455 comitia
270 3392 333 3451 sine
354 3391 428 3449 illius
450 3391 571 3461 ratione,
592 3391 641 3450 illo
664 3392 790 3469 patiente
812 3399 899 3468 atque
924 3392 1072 3451 obtinente
