2392 3848
117 100 180 186 258
396 116 435 164 rr.
461 115 580 164 rursu
600 114 790 166 creandum
853 170 857 175 .
953 104 1016 187 [na
1029 118 1053 168 r.

116 272 315 332 conciliandae
333 283 361 331 te
383 273 522 349 cupidum
541 292 606 332 esse
623 274 733 332 laetor:
754 291 820 332 eam
841 273 868 332 si
888 290 908 332 a
930 274 1054 332 servitute

116 371 251 446 seiungis,
273 371 408 429 consules
429 382 457 429 et
481 372 521 429 rei
542 372 676 447 publicae
695 381 724 429 et
749 371 882 446 dignitati
903 380 991 443 tuae;
1016 371 1053 429 sin

116 470 172 527 ista
185 487 244 544 pax
260 470 404 543 perditum
423 469 574 527 hominem
592 470 623 526 in
641 470 860 545 possessionem
881 470 1055 546 impotentis-

117 568 182 626 simi
204 567 371 625 dominatus
398 566 561 625 restitutura
588 578 640 638 est,
661 566 718 625 hoc
743 567 842 624 animo
863 567 940 625 scito
962 584 1056 626 omnes

117 679 214 731 sanos,
233 672 265 718 ut
286 671 412 718 mortem
433 661 560 719 servituti
580 669 768 737 anteponant.
812 679 839 719 a.
862 660 970 737 Itaque
990 661 1056 736 sapi·

116 761 220 832 entius,
234 777 302 817 meo
324 759 443 836 quidem
463 760 578 831 iudicio,
593 759 691 831 facies,
713 760 737 818 si
758 769 787 818 te
806 760 837 818 in
858 759 947 818 istam
968 759 1056 836 pacifi-

117 860 262 917 cationem
291 875 352 916 non
384 858 562 933 interpones,
590 875 666 934 quae
699 875 795 933 neque
823 859 938 916 senatui
955 875 1057 933 ,neque

117 956 229 1034 populo
249 973 304 1013 nec
327 955 462 1031 cuiquam
489 955 571 1013 bono
598 956 744 1030 probatur.
789 955 849 1014 Sed
870 955 946 1014 haec
967 956 1058 1014 audies

117 1073 154 1112 ex
169 1054 231 1111 aliis
246 1064 295 1111 aut
309 1053 412 1110 certior
426 1052 479 1111 fies
494 1052 611 1112 litteris:
632 1062 718 1130 tupro
749 1062 799 1111 tua
813 1053 984 1129 prudentia,
996 1052 1058 1130 quid

116 1152 260 1228 optimum
273 1149 352 1208 factu
365 1151 410 1220 sit,
424 1150 543 1210 videbis.

318 1310 382 1364 132.
425 1306 483 1364 ΑΙ)
504 1305 756 1364 FAMILIARES
778 1305 815 1364 X.
837 1308 867 1365 8.

231 1419 298 1480 Suu.
321 1439 352 1478 ru
374 1420 492 1479 Garun
512 1439 607 1481 unum
628 1419 753 1480 Murro
773 1439 858 1480 auc.
881 1435 951 1496 711.

117 1546 245 1588 PLANCUS
274 1546 334 1586 mr.
356 1545 415 1586 COS·
437 1545 529 1586 DESIG·
551 1545 574 1586 S.
595 1545 625 1586 D·
646 1545 718 1586 COSS·
739 1545 783 1586 PR.
806 1545 855 1585 ΤΚ.
877 1545 922 1587 ΡΙ..
943 1544 1058 1588 sartam

371 1643 481 1685 POPULO
501 1642 643 1692 PLEBIQUE
664 1643 813 1685 ROMANAE.

164 1759 189 1799 1.
211 1739 243 1798 Sr
262 1739 308 1798 cui
328 1739 402 1797 forte
421 1739 521 1797 videor
534 1738 640 1798 diutius
658 1750 687 1797 et
708 1739 860 1797 hominum
874 1740 1059 1816 exspectatio

118 1857 188 1897 nem
203 1848 231 1897 et
246 1856 330 1913 spem
344 1837 385 1895 rei
404 1837 536 1913 publicae
556 1837 593 1895 de
611 1855 677 1894 mea
695 1836 840 1896 voluntate
860 1839 992 1897 tenuisse
1005 1856 1059 1897 sus·

118 1953 249 2012 pensam,
264 1935 331 1993 huic
352 1936 432 2010 prius
454 1934 654 1993 excusandum
676 1952 725 1993 me
746 1952 811 1992 esse
833 1935 958 1993 arbitror
979 1952 1058 2011 quam

119 2036 156 2093 de
181 2033 343 2109 insequenti
367 2032 464 2090 officio
492 2033 648 2108 quicquam
675 2031 724 2089 ulli
751 2031 971 2108 pollicendum
1005 2048 1059 2092 non

118 2132 197 2190 enim
211 2132 393 2206 praeteritam
411 2130 527 2206 culpam
550 2129 639 2187 videri
652 2129 720 2187 volo
739 2128 907 2200 redemisse,
922 2131 978 2190 sed
992 2129 1060 2207 opti·

118 2246 183 2286 mae
205 2228 310 2285 mentis
331 2228 458 2303 cogitata
477 2228 534 2284 iam
555 2225 667 2302 pridem
688 2234 803 2284 maturo
821 2235 955 2302 tempore
976 2244 1060 2286 enun-

30 2398 37 2410 .
117 2326 198 2384 tiare.
243 2343 269 2382 a.
291 2323 363 2382 Non
377 2342 425 2382 me
440 2324 613 2398 praeteribat
626 2324 657 2380 in
670 2332 750 2381 tanta
765 2323 957 2382 sollicitudine
972 2324 1060 2383 homi·

118 2440 190 2481 num
201 2431 230 2479 et
242 2430 304 2479 tam
317 2423 484 2497 perturbato
495 2430 570 2478 statu
584 2420 705 2478 civitatis
720 2420 981 2480 fructuosissimam
1001 2438 1060 2482 esse

120 2519 333 2598 professionem
352 2520 448 2578 bonae
464 2518 626 2588 voluntatis,
641 2535 822 2593 magnosque
837 2517 967 2579 honores
981 2538 1018 2580 ex
1031 2537 1061 2579 ea

118 2638 151 2677 re
173 2617 337 2693 complures
364 2625 539 2675 consecutos
568 2615 726 2686 videbam;
756 2615 816 2686 sed,
841 2634 910 2674 eum
939 2618 972 2675 in
999 2635 1060 2677 eum

120 2734 221 2776 casum
239 2733 286 2773 me
304 2713 421 2772 fortuna
442 2713 613 2782 demisisset,
628 2724 659 2770 ut
680 2724 729 2770 aut
751 2712 878 2771 celeriter
898 2715 1061 2791 pollicendo

120 2833 228 2890 magna
241 2812 312 2869 mihi
329 2813 392 2887 ipse
413 2811 450 2869 ad
471 2810 682 2886 proficiendum
703 2810 913 2886 impedimenta
933 2829 1062 2889 oppone·

120 2929 182 2970 rem
197 2921 253 2981 aut,
269 2912 293 2967 si
315 2911 344 2966 in
359 2927 395 2966 eo
410 2907 480 2966 mihi
501 2909 743 2984 temperavissem,
754 2908 879 2966 maiores
895 2910 1062 2969 occasiones

121 3008 159 3065 ad
173 3007 375 3082 opitulandum
388 3004 535 3075 haberem,
547 3004 708 3080 expeditius
722 3005 775 3062 iter
788 3007 955 3063 communis
969 3005 1061 3065 salutis

120 3122 210 3180 quam
230 3122 314 3162 meae
334 3103 427 3161 laudis
448 3120 512 3160 esse
533 3102 620 3159 volui.
661 3099 824 3177 Numquis
844 3101 876 3159 in
892 3110 929 3161 eat
942 3102 1061 3173 fortuna,

120 3219 196 3277 quae
210 3219 276 3259 mea
289 3211 340 3272 est,
357 3209 385 3258 et
399 3201 439 3258 ab
452 3218 487 3257 ea
500 3200 566 3270 vita,
580 3216 669 3275 quam
690 3199 719 3255 iu
737 3217 785 3256 me
801 3200 953 3274 cognitam
973 3200 1062 3259 homi·

122 3299 209 3357 nibus
230 3298 360 3369 arbitror,
374 3305 403 3355 et
423 3313 546 3355 cumea
567 3314 627 3372 spe,
642 3313 731 3371 quam
753 3297 784 3354 in
805 3295 942 3355 manibus
962 3295 1061 3367 habeo,
