2392 3848
121 196 233 260 rp.139,
251 181 321 265 14o.]
343 196 456 250 nrrsr.
471 197 520 245 ru
534 194 755 244 ranimirum
769 196 803 243 x.
824 195 872 264 15.
1002 180 1065 261 269

122 369 217 428 neque
238 353 366 411 animum
388 371 443 412 nec
465 353 643 428 diligentiam
663 353 734 411 mihi
756 351 926 410 defuturam.
969 349 1065 426 Cupio

120 450 301 508 mehercules
322 451 431 509 nullam
452 451 597 509 residuam
619 450 842 509 sollicitudinem
864 466 947 520 esse;
970 448 1022 506 sed
1042 448 1067 506 si
1100 430 1114 461 ⁹

122 547 214 618 suerit,
228 566 284 607 nec
303 549 401 606 animo
420 567 475 607 nec
489 549 706 607 benevolentiae
726 565 781 605 nec
796 546 950 622 patientiae
972 546 1065 603 cuius·

122 663 211 721 quarn
235 664 289 722 pro
313 647 396 704 vobis
424 646 536 705 cedam.
578 647 627 706 Do
652 646 770 722 quidem
798 662 854 720 ego
882 660 1011 719 operam,
1036 651 1067 698 ut

122 744 210 800 etiam
225 742 370 819 Lepidum
385 745 423 802 ad
436 744 520 802 huius
534 745 575 802 rei
589 744 758 802 societatem
772 743 896 812 incitem,
911 740 1066 815 omniaque

124 842 151 898 ei
175 840 317 916 obsequia
338 840 484 916 polliceor,
508 843 532 900 si
555 843 645 900 modo
670 859 731 900 rem
755 839 902 916 publicam
926 838 1067 913 respicere

124 938 208 997 volet.
250 937 326 997 Utor
342 939 372 995 in
386 938 440 997 hac
461 959 492 998 re
514 941 691 999 adiutoribus
710 938 968 1014 interpretibusque
982 935 1068 993 fratre

124 1053 192 1094 meo
209 1046 239 1095 et
252 1035 410 1095 Laterense
431 1047 460 1096 et
473 1037 581 1096 Furnio
603 1048 711 1096 nostro.
753 1035 824 1094 Non
842 1053 889 1092 me
910 1033 1068 1109 impedient

125 1133 251 1209 privatae
271 1133 458 1205 offensiones,
480 1152 538 1211 quo
561 1136 658 1193 minus
679 1152 734 1210 pro
758 1134 798 1192 rei
819 1132 954 1210 publicae
978 1131 1068 1188 salute

125 1232 213 1290 etiam
231 1249 299 1290 cum
312 1231 511 1290 inimicissimo
530 1233 718 1291 consentiam.
761 1230 850 1304 Quod
871 1229 896 1288 si
916 1226 986 1286 nihil
1000 1246 1068 1304 pro·

124 1328 231 1399 secero,
248 1329 339 1387 nihilo
358 1329 455 1387 minus
476 1331 604 1388 maximo
626 1348 692 1388 sum
712 1330 810 1389 animo
832 1337 861 1385 et
881 1327 991 1385 maiore
1012 1325 1068 1383 for-

125 1437 203 1485 tasse
231 1444 299 1483 cum
325 1444 392 1483 mea
418 1425 510 1500 gloria
533 1427 615 1484 vobis
643 1427 712 1485 satis
736 1425 849 1484 faciam.
891 1423 951 1482 Fac
974 1420 1070 1480 valeas

128 1541 233 1599 meque
247 1532 349 1581 mutuo
364 1522 475 1598 diligas,

320 1685 385 1738 140.
428 1678 485 1738 AD
506 1679 759 1739 murmanus
781 1679 818 1738 x.
843 1692 888 1752 15.

212 1792 278 1854 Seu.
301 1811 331 1852 nr
352 1793 578 1851 Attounocrnus
598 1811 692 1853 umusu
714 1793 798 1852 Maro
819 1810 902 1853 auc.
925 1805 992 1865 711.

461 1918 588 1961 eunucus
608 1919 748 1961 crearem

176 2035 199 2074 1.
222 2015 279 2074 Hrs
299 2013 398 2072 litteris
419 2013 531 2088 scriptis
546 2031 620 2088 quae
634 2024 738 2091 postea
758 2013 932 2072 accidissent
952 2011 1025 2070 scire
1044 2020 1073 2070 te

131 2115 169 2172 ad
182 2130 244 2170 rem
255 2111 399 2187 publicam
410 2111 508 2186 putavi
518 2111 676 2186 pertinere:
699 2111 834 2170 sedulitas
847 2127 921 2180 mea,
932 2119 965 2168 ut
979 2127 1073 2184 spero,

130 2222 161 2270 et
181 2211 252 2269 mibi
272 2220 301 2269 et
321 2210 362 2268 rei
379 2209 512 2284 publicae
532 2210 595 2269 tulit
614 2209 748 2269 fructum.
790 2209 926 2284 Namque
948 2208 1075 2266 adsiduis

130 2308 312 2371 internuntiis
333 2326 399 2366 cum
414 2306 527 2382 Lepido
550 2307 605 2382 egi,
619 2317 652 2365 ut
665 2309 774 2366 omissa
794 2306 874 2365 omni
889 2307 1075 2365 contentione

131 2405 375 2479 reconciliataque
402 2405 548 2462 voluntate
575 2414 675 2464 nostra
704 2403 855 2463 communi
887 2402 1009 2462 consilio
1036 2405 1077 2462 rei

132 2504 267 2581 publicae
291 2510 477 2570 succurreret,
500 2519 539 2573 se,
561 2501 668 2561 liberos
691 2503 851 2579 urbemque
875 2500 964 2576 pluris
988 2519 1077 2576 quam

132 2619 225 2661 unum
260 2599 404 2676 perditum
439 2599 641 2675 abiectumque
675 2600 818 2659 latronem
845 2607 958 2675 putaret
992 2600 1077 2656 obse-

133 2700 261 2777 quioque
281 2714 358 2764 meo,
373 2696 398 2754 si
412 2695 451 2754 ita
465 2696 580 2767 faceret,
595 2698 633 2755 ad
648 2715 751 2756 omnes
768 2715 814 2756 res
833 2697 1005 2755 abuteretur.
1049 2716 1076 2754 a.

135 2795 266 2856 Profecit
288 2797 385 2870 itaque
403 2812 454 2868 per
469 2793 657 2852 Laterensem
675 2794 881 2853 internuntium
900 2794 988 2851 fidem
1009 2793 1078 2851 mihi

134 2894 215 2953 dedit
229 2911 260 2950 se
275 2891 445 2962 Antonium,
460 2893 484 2949 si
499 2891 650 2967 probibere
665 2893 813 2968 provincia
827 2910 880 2950 sua
893 2908 954 2949 non
967 2893 1078 2967 potuis-

136 3001 188 3064 set,
202 2989 278 3048 bello
294 3000 520 3064 persecuturum,
534 3008 582 3047 me
597 2999 629 3047 ut
642 2991 770 3048 venirem
784 2990 942 3065 copiasque
957 2990 1079 3047 coniun-

135 3105 236 3166 gerem
249 3087 370 3162 rogavit,
385 3105 479 3162 eoque
493 3088 595 3162 magis,
605 3088 686 3163 quod
700 3096 729 3146 et
740 3087 885 3144 Antonius
899 3088 937 3144 ab
952 3088 1080 3162 equitatu

137 3187 238 3245 firmus
258 3202 322 3244 esse
344 3184 491 3242 dicebatur
512 3194 541 3242 et
559 3185 688 3260 Lepidus
708 3203 746 3242 ne
767 3183 946 3242 mediocrem
962 3185 1081 3259 quidem

136 3284 297 3358 equitatum
319 3280 460 3351 habebat;
489 3300 558 3338 nam
585 3282 673 3339 etiam
701 3300 737 3343 ex
761 3281 905 3357 paucitate
932 3283 993 3340 eius
1020 3300 1082 3342 non

139 3380 236 3443 multis
265 3389 331 3438 ante
359 3379 461 3437 diebus
490 3379 600 3449 decem,
626 3380 676 3455 qui
703 3379 805 3456 optimi
829 3378 950 3451 fuerant,
973 3380 1082 3440 adme
