2392 3848
114 165 155 249 78
385 176 424 226 rr.
449 176 569 226 rurrrr
590 175 778 225 cronnorrrs
944 158 1013 253 [rm
1027 176 1055 227 u.

115 330 310 388 referebantur
325 327 361 385 ad
376 346 441 398 me;
463 328 513 404 qui
533 345 601 386 cum
622 328 669 385 illa
683 327 823 386 sentirent
843 326 875 384 iu
889 345 921 384 re
935 327 1057 402 publica,

115 447 190 505 quae
211 445 267 502 ego
288 428 421 500 agebam,
437 443 609 501 semperque
630 426 794 496 sensissent,
809 443 857 484 me
879 435 980 484 tamen
1001 443 1059 484 non

117 527 185 585 satis
212 525 305 582 facere
330 523 472 598 Pompeio
494 522 709 599 Caesaremque
729 523 963 581 inimicissimum
992 522 1059 580 mihi

116 625 243 682 futurum
263 622 389 698 gaudere
410 640 441 679 se
462 623 584 679 aiebant.
628 620 698 679 Erat
718 622 776 679 hoc
795 621 867 679 mihi
893 621 1059 690 dolendum,

117 721 169 778 sed
195 720 286 777 multo
314 719 383 777 illud
411 720 513 793 magis,
538 718 619 794 quod
646 719 795 777 inimicum
819 735 1060 777 meum—meum

117 819 236 876 autem?
257 818 347 874 immo
361 834 429 874 vero
444 816 550 891 legum,
565 816 744 886 iudiciorum,
759 817 817 888 otii,
833 817 951 892 patriae,
967 817 1060 874 bono·

118 931 181 970 rum
203 909 417 970 omnium—sic
438 910 683 985 amplexabantur,
706 911 747 968 sic
767 911 797 967 in
817 910 954 969 manibus
975 911 1061 968 habe·

118 1009 196 1078 bant,
212 1009 254 1066 sic
268 1008 411 1075 fovebant,
428 1007 468 1065 sic
485 1024 532 1064 me
552 1017 703 1082 praesente
717 1007 931 1077 osculabantur,
947 1026 1010 1066 non
1025 1007 1061 1065 illi

119 1107 235 1182 quidem
250 1116 281 1163 ut
299 1105 369 1162 mihi
392 1104 573 1162 stomachum
599 1103 724 1163 facerent
747 1122 835 1180 quern
857 1122 914 1180 ego
933 1104 1062 1163 funditus

120 1205 241 1283 perdidi,
268 1203 320 1263 sed
341 1213 418 1262 certe
439 1211 470 1259 ut
491 1202 586 1262 lacere
608 1221 638 1261 se
660 1203 872 1261 arbitrarentur.
914 1202 975 1261 Hic
997 1220 1061 1279 eg0,

120 1313 261 1380 quantum
289 1301 417 1358 humano
440 1301 561 1359 consilio
588 1302 700 1360 efficere
727 1301 817 1377 potui,
846 1298 1062 1378 circumspectis

119 1403 206 1459 rebus
220 1400 293 1457 meis
307 1399 444 1456 omnibus
458 1400 675 1474 rationibusque
687 1399 835 1457 subductis
847 1417 995 1458 summam
1009 1400 1063 1459 feci

121 1499 330 1574 cogitationum
344 1514 475 1554 mearum
490 1497 630 1567 omnium,
640 1514 728 1572 quam
743 1497 802 1567 tibi,
811 1497 835 1554 si
849 1507 961 1572 potero,
971 1498 1064 1556 brevi-

121 1607 164 1656 ter
178 1612 332 1670 exponam.
377 1612 422 1651 11.
443 1591 518 1668 Ego,
534 1594 558 1652 si
573 1595 610 1651 ab
622 1594 763 1670 improbis
777 1603 806 1651 et
824 1594 943 1669 perditis
954 1595 1064 1654 civibus

122 1693 349 1770 rempublicam
371 1692 460 1749 teneri
483 1692 619 1762 viderem,
641 1693 712 1750 sicut
736 1703 765 1749 et
786 1693 859 1750 meis
883 1694 1064 1768 temporibus

123 1794 230 1850 scimus
250 1800 278 1847 et
299 1808 360 1847 non
381 1790 465 1848 nullis
486 1790 548 1847 aliis
565 1789 711 1860 accidisse,
726 1808 787 1847 non
807 1790 898 1848 modo
920 1790 1064 1866 praemiis

123 1907 198 1964 quae
215 1889 293 1964 apud
312 1907 359 1944 me
381 1888 532 1943 minimum
550 1887 655 1956 valent,
670 1887 722 1944 sed
743 1906 780 1945 ne
796 1887 929 1962 periculis
947 1890 1066 1964 quidem

124 1987 291 2062 compulsus
311 1985 383 2054 ullis
400 1986 504 2059 quibus
526 1995 625 2043 tamen
642 1997 794 2043 moventur
813 1987 900 2043 etiam
918 1986 1066 2045 fortissimi

123 2086 183 2153 viri,
209 2085 247 2142 ad
274 2100 375 2141 eorum
400 2100 517 2139 causam
544 2100 592 2139 me
620 2082 815 2157 adiungerem,
841 2101 879 2141 ue
903 2084 927 2142 si
953 2103 1067 2143 summa

125 2182 243 2257 quidem
258 2198 358 2238 eorum
378 2180 407 2236 in
428 2198 475 2236 me
497 2180 598 2237 merita
617 2191 789 2239 constarent.
831 2180 907 2239 Cum
922 2192 1021 2240 autem
1038 2183 1068 2241 in

125 2299 156 2337 re
178 2279 292 2354 publica
312 2275 367 2334 Cn.
383 2276 540 2352 Pompeius
561 2278 696 2353 princeps
714 2289 797 2349 esset,
812 2279 854 2336 vir
874 2280 906 2350 is,
922 2281 973 2356 qui
994 2281 1069 2339 hanc

126 2378 286 2454 potentiam
311 2385 340 2433 et
362 2375 484 2451 gloriam
506 2376 640 2432 maximis
660 2376 691 2432 in
712 2394 773 2433 rem
794 2377 939 2452 publicam
960 2379 1069 2437 meritis

126 2473 436 2552 praestantissimisque
450 2474 536 2531 rebus
549 2474 638 2548 gestis
653 2483 729 2531 esset
743 2485 915 2534 consecutus
930 2479 1069 2553 cuiusque

128 2591 184 2648 ego
190 2571 337 2647 dignitatis
347 2572 384 2628 ab
395 2572 589 2629 adulescentia
600 2570 701 2641 fautor,
711 2571 741 2628 in
751 2583 885 2646 praetura
893 2582 991 2631 autem
1003 2577 1070 2633 etin

127 2671 279 2730 consulatu
294 2670 406 2727 adiutor
420 2670 505 2727 etiam
520 2669 702 2738 exstitissem,
718 2688 843 2745 cumque
854 2669 932 2727 idem
946 2672 1071 2730 auctori-

128 2783 185 2830 tate
195 2780 223 2827 et
234 2769 374 2826 sententia
385 2787 437 2842 per
446 2786 485 2838 se,
496 2767 621 2826 consiliis
631 2777 658 2824 et
670 2767 769 2824 studiis
779 2776 882 2836 tecum,
893 2786 940 2826 me
950 2769 1072 2827 adiuvis-

130 2879 173 2927 set
184 2884 341 2940 meumque
354 2866 503 2923 inimicum
518 2882 609 2922 unum
623 2865 653 2921 in
664 2865 774 2922 civitate
786 2864 903 2923 haberet
913 2865 1072 2937 inimicum,

130 2985 190 3025 non
206 2966 302 3042 putavi
322 2964 430 3021 famam
450 2963 659 3020 inconstantiae
680 2962 750 3019 mihi
765 2963 1034 3036 pertimescendam,
1050 2963 1073 3021 si

130 3064 305 3141 quibusdam
325 3063 354 3118 in
374 3061 521 3119 sententiis
543 3060 661 3135 paulum
681 3078 729 3117 me
750 3061 948 3117 immutassem
962 3079 1074 3119 meam·

131 3179 189 3235 que
208 3160 386 3217 voluntatem
407 3158 444 3215 ad
467 3158 572 3214 summi
583 3158 643 3246 ⁸viri
665 3157 701 3215 de
722 3176 827 3232 meque
848 3159 958 3232 optime
981 3159 1074 3216 meriti

132 3258 301 3333 dignitatem
315 3257 528 3331 adgregassem.
575 3273 619 3314 12.
642 3254 679 3312 In
698 3255 752 3313 hac
773 3256 914 3313 sententia
928 3257 1075 3332 complec-

133 3355 238 3414 tendus
258 3363 318 3412 erat
338 3353 408 3411 mihi
426 3352 542 3424 Caesar,
556 3362 587 3411 ut
607 3352 695 3424 vides,
710 3352 740 3409 in
762 3352 917 3411 coniuncta
938 3363 967 3413 et
988 3371 1075 3412 causa
