2392 3848
122 228 127 237 ¹
154 214 195 268 Μ.
218 215 340 266 TULLII
361 216 548 264 CICERONIS
568 214 624 265 ΕΡ.
640 213 690 262 ΑΒ
704 213 785 267 ΑΤΤ.
806 216 867 265 VII.
887 221 935 265 11.
972 216 1030 283 127

93 392 224 452 unquam
238 379 285 431 roi
298 378 378 431 καλοῦ
392 373 491 432 viderit
503 375 509 432 l
552 371 650 450 Atque
664 372 737 432 haec
759 373 797 431 ait
818 373 917 431 omnia
935 372 1028 430 iacere

93 490 113 531 e
141 471 290 547 dignitatis
318 489 415 530 causa.
457 470 516 529 Ubi
544 481 588 528 est
617 480 713 528 autem
743 471 868 546 dignitas
896 471 951 528 nisi
979 470 1029 527 ubi

93 569 237 629 ionestas?
258 569 414 628 honesturn
427 569 513 644 igitur
523 568 630 626 habere
645 568 802 626 exercitum
817 567 896 625 nullo
912 567 1029 643 publico

93 667 225 727 cnsilio?
250 685 394 743 occupare
416 668 502 724 urbes
531 666 643 735 civium,
666 683 725 740 quo
747 663 856 722 facilior
878 666 913 722 sit
935 665 1028 722 aditus

93 765 118 825 ;d
139 765 284 841 patriam?
319 771 403 838 χρεῶν
426 765 565 834 ἀποκοπάς,
591 765 715 837 φυγάδων
739 763 871 835 καθόδους,
896 775 1030 822 sescenta

93 862 137 921 lia
151 862 263 921 scelera
276 862 379 932 moliri,

261 964 308 1027 τὴν
319 963 378 1013 θεῶν
389 961 508 1027 μεγίστην
519 961 578 1012 ὥστ’
590 963 657 1026 ἔχειν
668 962 848 1028 τυραννίδα-ἲ

93 1059 143 1117 irbi
171 1057 277 1118 habeat
305 1075 387 1116 suam
416 1056 579 1115 fortunam!
617 1075 706 1114 unam
739 1055 904 1116 mehercule
931 1066 1028 1116 tecum

93 1156 294 1233 ipricationem
308 1155 338 1212 in
352 1154 400 1212 illo
415 1153 553 1212 lucrativo
569 1167 618 1211 tuo
634 1155 694 1212 sole
708 1154 807 1212 malim
822 1173 910 1230 quam
929 1156 1029 1212 omnia

93 1255 164 1313 stius
185 1253 266 1311 modi
287 1270 386 1327 regua,
408 1251 452 1308 vel
477 1252 574 1328 potius
602 1252 676 1309 mori
697 1253 799 1310 millies
821 1270 909 1327 quam
938 1250 1027 1310 semel

93 1353 165 1410 stius
184 1349 266 1408 modi
287 1350 444 1426 quicquam
466 1349 600 1424 cogitare.
647 1369 672 1408 a.
703 1349 800 1422 ‘Quid
826 1351 850 1407 si
870 1360 902 1407 tu
923 1347 1029 1408 velisl'

93 1449 187 1527 nquis.
228 1447 294 1522 Age
309 1448 374 1522 quis
388 1457 439 1517 est,
455 1447 501 1505 cui
515 1446 587 1504 velle
601 1465 662 1505 non
677 1447 780 1506 liceat?
823 1447 880 1505 Sed
900 1465 956 1522 ego
971 1446 1027 1505 hoc

93 1564 181 1625 psum
204 1545 276 1603 velle
298 1545 429 1602 miserius
452 1563 517 1603 esse
542 1546 618 1604 duco
644 1565 733 1620 quarn
756 1545 785 1601 in
811 1563 927 1603 crucem
952 1545 1028 1614 tolli;

93 1663 142 1702 rna
160 1661 207 1702 res
225 1655 268 1701 est
287 1661 322 1700 ea
343 1643 481 1712 miserior,
499 1643 618 1718 adipisci
641 1643 720 1718 quod
741 1643 781 1700 ita
794 1642 925 1699 volueris.
971 1641 1029 1699 Sed

93 1760 155 1802 iaec
175 1741 334 1812 hactenus;
356 1740 478 1798 libenter
499 1743 578 1799 enim
602 1742 632 1799 in
654 1741 698 1800 his
719 1741 857 1799 molestiis
879 1743 1029 1812 ἐνσχολάζω

93 1855 202 1891 ·εοεον.
253 1856 279 1912 3.
301 1837 470 1896 Redeamus
483 1837 520 1895 ad
539 1849 689 1897 nostrum:
711 1858 762 1915 per
776 1838 922 1896 fortunas!
944 1836 1029 1912 quale

93 1938 135 1997 ibi
155 1936 308 1995 consilium
323 1935 455 2011 Pompeii
470 1937 599 1995 videtur?
621 1937 678 1995 hoc
696 1955 811 2014 quaem,
827 1936 906 2013 quod
927 1935 1029 1993 urbem

93 2034 234 2111 eliquerir.
291 2032 357 2108 Ego
392 2035 470 2091 enim
498 2035 594 2106 ἀπορῶ.
649 2034 729 2092 Tum
764 2034 833 2092 nihil
869 2033 1029 2092 absurdius.

93 2131 196 2191 erem
209 2139 240 2188 tu
254 2131 419 2206 relinquas?
441 2149 512 2207 ergo
527 2132 613 2201 idem,
629 2132 652 2190 si
669 2132 744 2191 Galli
759 2133 895 2190 venirent.
942 2130 1029 2188 ‘Non

93 2226 146 2289 st'
175 2229 268 2304 inquit
295 2228 344 2285 ‘in
364 2229 523 2303 parietibus
549 2248 595 2287 res
617 2229 750 2305 publica!
793 2230 832 2287 At
857 2230 888 2287 in
916 2229 973 2286 aris
1001 2239 1029 2285 et

93 2326 166 2387 'ocis
209 2325 306 2384 ‘Fecit
332 2326 564 2398 Themistocles3
597 2327 717 2385 fluctum
746 2329 825 2385 enim
850 2327 938 2385 totius
962 2328 1026 2384 bar-

93 2426 181 2484 tariae
195 2424 271 2483 serre
285 2425 354 2482 urbs
368 2443 427 2482 una
446 2443 507 2483 non
522 2426 652 2501 poterat!
681 2425 812 2483 aridem
827 2425 950 2482 Pericles
969 2442 1030 2482 non

92 2523 159 2593 ecit,
189 2540 299 2581 annum
329 2520 387 2580 lere
416 2533 482 2599 post
510 2524 793 2598 quinquagesimum,
822 2541 889 2582 cum
918 2533 1031 2598 praeter

93 2621 202 2680 noenia
225 2621 296 2678 nihil
319 2633 436 2692 teneret,
461 2627 488 2678 et
510 2621 600 2679 nostri
622 2621 692 2679 olim
715 2621 787 2678 urbe
812 2620 922 2696 reliqua
945 2630 1030 2696 capta

93 2736 181 2778 ucem
195 2728 294 2776 tamen
308 2719 501 2776 retinuerunt:

241 2819 303 2869 οὕτω
314 2839 358 2869 που
370 2822 419 2870 τῶν
430 2821 532 2885 πρόσθεν
544 2821 689 2880 ἐπευθόμεθα
701 2820 760 2870 κλέα
773 2822 868 2884 ἀνδρῶν.

93 2937 112 2988 ι.
133 2914 247 2974 Rursus
276 2926 373 2972 autem
402 2935 439 2974 ex
468 2916 568 2973 dolore
596 2916 765 2990 municipali
789 2917 1029 2993 sermonibusque

93 3031 194 3084 mrum,
222 3031 297 3089 quos
328 3015 480 3083 convenio,
510 3014 620 3071 videtur
648 3014 705 3071 hoc
739 3013 892 3071 consilium
920 3015 1028 3073 exitum

93 3113 266 3170 iabitumm:
289 3111 362 3169 mira
381 3110 532 3169 hominum
552 3111 668 3187 querela
689 3112 874 3169 est-nescio
891 3111 961 3183 istic,
977 3114 1029 3171 sed

93 3209 172 3268 'acies
200 3217 232 3266 ut
255 3208 395 3277 sciam-,
420 3209 482 3266 sine
505 3209 720 3283 magistratibus
745 3210 845 3266 urbem
871 3227 943 3278 esse,
968 3211 1028 3268 sine

93 3316 202 3377 tenatu;
232 3303 347 3381 fugiens
377 3306 501 3380 denique
523 3305 680 3381 Pompeius
708 3306 873 3363 mirabiliter
894 3306 1029 3365 homines

93 3408 198 3464 novet:
229 3404 299 3482 quid
324 3405 457 3482 quaeris?
490 3403 544 3464 alia
572 3423 659 3463 causa
687 3403 762 3463 lacta
776 3415 837 3478 est;
872 3403 942 3461 nihil
970 3405 1027 3463 iarn
