2392 3848
133 187 193 252 190
297 212 299 217 <
407 183 446 235 Μ.
468 185 588 235 nnirtr
604 185 792 236 mannonis
947 178 1055 263 [cmiv.

127 340 228 415 copias
246 358 342 417 neque
361 340 528 414 bellicosas3
551 343 663 415 deinde,
677 347 758 402 eitra
776 343 884 404 ducem
902 362 1057 423 paucosque

127 440 353 515 praeterea-de
374 441 550 516 principibus
571 441 726 517 loquor-,
745 442 872 519 reliquos
893 445 1016 522 primum
1032 446 1058 502 iu

126 536 192 611 ipso
220 536 296 594 bello
321 555 449 612 rapaces,
475 538 580 596 deinde
603 539 634 596 in
658 539 788 598 oratione
812 541 853 597 ita
876 541 1014 610 crudeles,
1031 550 1058 600 ut

126 634 220 708 ipsam
233 635 382 692 victoriam
402 635 567 708 horrerem;
589 637 750 694 maximum
764 647 863 696 autem
877 656 928 697 aes
946 640 1059 698 alienum

126 732 371 807 amplissimorum
384 734 517 792 virorum.
561 732 642 805 Quid
661 736 794 811 quaeris?
816 736 886 794 nihil
899 738 973 796 boni
988 757 1059 814 prae·

124 841 168 888 ter
196 848 323 888 causam.
366 828 451 902 Quae
475 849 543 889 cum
566 832 711 904 vidissem,
735 833 895 908 desperans
919 836 1060 894 victoriam

124 928 250 1002 primum
285 929 368 1003 coepi
403 929 523 988 suadere
554 948 666 1005 pacem,
695 931 776 988 cuius
808 931 922 990 sueram
955 951 1061 1009 semper

125 1036 243 1099 auctor;
277 1027 389 1094 deinde,
415 1045 482 1085 curn
507 1028 545 1085 ab
568 1045 603 1087 ea
628 1028 770 1085 sententia
798 1028 960 1105 Pompeius
987 1030 1062 1088 valde

125 1125 299 1194 abhorreret,
322 1124 441 1182 suadere
463 1125 579 1195 institui,
600 1135 632 1182 ut
651 1125 759 1183 bellum
779 1124 916 1187 duceret:
948 1127 1005 1187 hoc
1023 1131 1062 1186 in·

123 1223 237 1279 terdum
266 1223 408 1297 probabat
434 1232 464 1281 et
490 1222 521 1280 in
545 1241 580 1280 ea
604 1223 747 1281 sententia
773 1223 923 1283 videbatur
950 1225 1012 1285 fore
1037 1236 1063 1284 et

123 1320 224 1377 suisset
253 1320 381 1389 sortasse,
410 1320 465 1377 nisi
492 1320 618 1395 quadam
646 1338 682 1378 ex
710 1339 810 1396 pugna
836 1323 984 1398 coepisset
1010 1325 1063 1382 suis

124 1419 260 1476 militibus
287 1418 441 1477 confidere.
494 1417 540 1476 Ex
569 1437 604 1477 eo
634 1429 765 1494 tempore
792 1419 834 1477 vir
861 1420 908 1478 ille
936 1439 1064 1480 summus

123 1517 218 1575 nullus
239 1517 393 1591 imperator
412 1516 480 1575 suit:
503 1517 584 1592 signa
603 1517 697 1575 tirone
712 1526 741 1574 et
759 1517 919 1577 collecticio
940 1521 1064 1578 exercitu

124 1634 191 1672 cum
211 1615 373 1689 legionibus
393 1615 598 1672 robustissimis
619 1615 753 1684 contulit;
786 1616 877 1674 victus
902 1618 1063 1693 turpissime

123 1714 237 1771 amissis
266 1715 352 1770 etiam
381 1713 481 1770 castris
509 1712 589 1770 solus
618 1712 701 1786 sugit.
746 1732 771 1787 3.
795 1711 886 1772 Hunc
914 1732 974 1790 ego
998 1715 1063 1773 mihi

122 1812 189 1869 belli
203 1812 290 1868 finem
305 1810 368 1880 feci,
383 1828 438 1868 nec
452 1810 557 1885 putavi,
572 1828 641 1867 cum
661 1810 764 1885 integri
784 1828 868 1885 pares
888 1829 951 1869 non
966 1812 1064 1871 fuisse·

122 1928 195 1981 mus,
221 1909 328 1968 fractos
356 1909 518 1983 superiores
547 1907 624 1977 fore;
657 1908 777 1966 discessi
801 1909 838 1966 ab
862 1926 900 1967 eo
924 1909 1013 1982 bello,
1035 1912 1063 1969 in

123 2026 182 2082 quo
205 2018 254 2064 aut
278 2008 309 2064 in
333 2007 394 2064 acie
419 2005 583 2063 cadendum
606 2004 659 2062 suit
683 2017 732 2063 aut
756 2006 786 2062 in
810 2005 921 2081 aliquas
949 2008 1064 2066 insidias

122 2106 311 2162 incidendum
334 2114 383 2161 aut
408 2104 618 2161 deveniendum
643 2104 673 2159 in
694 2103 808 2162 victoris
829 2121 935 2162 manus
958 2117 1009 2164 aut
1030 2107 1064 2164 ad

122 2202 226 2260 Iubam
258 2202 487 2276 confugiendum
518 2212 566 2259 aut
593 2201 751 2276 capiendus
782 2211 932 2276 tamquam
961 2204 1063 2264 exsilio

122 2300 202 2358 locus
224 2311 272 2358 aut
290 2300 498 2358 consciscenda
519 2317 598 2357 mors
619 2299 793 2356 voluntaria:
822 2309 899 2357 certe
921 2301 995 2359 nihil
1015 2303 1064 2360 suit

121 2408 278 2474 praeterea,
300 2399 324 2456 si
344 2407 373 2455 te
394 2397 493 2455 victori
515 2396 606 2455 nolles
630 2407 679 2454 aut
702 2414 763 2453 non
786 2397 908 2455 auderes
930 2400 1062 2456 commit·

120 2506 188 2554 tere.
238 2495 284 2553 Ex
312 2496 446 2554 omnibus
474 2505 572 2552 autem
599 2495 641 2565 iis,
670 2513 744 2569 quae
774 2494 841 2564 dixi,
870 2495 1063 2555 incommodis

119 2595 190 2652 nihil
214 2593 389 2651 tolerabilius
412 2593 520 2663 exsilio,
541 2593 711 2667 praesertim
733 2592 890 2662 innocenti,
912 2594 963 2651 ubi
987 2595 1062 2652 nulla

118 2694 253 2752 adiuncta
270 2703 314 2750 est
333 2691 479 2766 turpitudo
488 2710 497 2764 3
519 2691 596 2748 addo
616 2693 712 2760 etiam,
728 2709 794 2748 cum
812 2708 848 2747 ea
865 2691 938 2748 urbe
956 2709 1060 2763 careas,

118 2794 147 2849 in
173 2809 230 2869 qua
253 2791 323 2848 nihil
351 2792 395 2860 sit,
419 2790 499 2866 quod
523 2789 618 2847 videre
643 2789 738 2865 possis
766 2789 829 2846 sine
855 2787 975 2847 dolore:
1008 2808 1060 2866 ego

118 2910 186 2949 cum
210 2890 292 2959 meis,
318 2890 341 2947 si
366 2889 520 2964 quicquam
546 2905 624 2946 nunc
649 2888 820 2962 cuiusquam
844 2898 896 2958 est,
920 2889 1009 2947 etiam
1033 2891 1059 2947 in

117 2990 190 3046 meis
218 3007 282 3046 esse
310 2987 407 3045 malui.
450 3005 477 3058 4.
499 2985 583 3056 Quae
607 2986 782 3055 acciderunt,
805 2985 905 3043 omnia
934 2987 994 3044 dixi
1018 2987 1057 3046 fu·

117 3099 197 3159 tura;
228 3087 293 3144 veni
318 3086 446 3155 domum,
471 3102 533 3141 non
561 3101 620 3158 quo
648 3085 760 3158 optima
783 3083 896 3140 vivendi
925 3085 1057 3145 condicio

117 3195 202 3255 esset,
231 3185 282 3243 sed
313 3194 419 3253 tamen,
445 3183 469 3241 si
497 3191 573 3240 esset
601 3182 696 3257 aliqua
724 3181 819 3239 forma
847 3182 888 3240 rei
917 3184 1055 3258 publicae,

116 3292 265 3358 tamquam
289 3283 320 3339 in
341 3282 433 3357 patria
457 3290 488 3338 ut
509 3298 612 3349 essem,
634 3279 658 3336 si
682 3280 760 3337 nulla
782 3290 931 3355 tamquam
954 3281 985 3339 in
1009 3301 1055 3340 ex·

115 3380 191 3440 silio.
232 3378 359 3438 Mortem
381 3379 449 3437 mibi
476 3397 527 3439 cur
555 3377 774 3449 consciscerem,
800 3395 890 3436 rausa
911 3396 974 3438 non
998 3382 1053 3440 visa
