2392 3848
117 173 157 238 88
389 187 429 238 Μ.
456 189 578 238 rvrrrr
600 187 789 237 cressonis
938 170 1015 258 [rm
1028 189 1058 237 11.

116 338 196 413 quod
216 338 278 396 sine
297 335 362 412 lege
381 337 490 397 curiata
513 337 563 396 tibi
583 338 772 410 succedatur3
795 346 862 396 sunt
884 336 984 408 etiam,
1005 335 1059 411 qui,

117 438 140 494 si
166 435 301 505 decedas,
327 453 345 493 a
373 445 400 493 te
424 434 545 510 relinqui
568 452 655 512 posse
680 436 729 512 qui
750 435 919 511 provinciae
945 435 1061 512 praesit.

117 533 191 590 Mihi
216 551 278 590 non
303 542 364 590 tam
385 532 422 590 de
446 533 507 592 iure
537 544 647 592 certum
675 543 940 609 est-quamquam
969 551 1010 591 ne
1035 532 1063 590 id

117 633 235 708 quidem
251 632 333 689 valde
348 631 468 689 dubium
484 641 656 710 est—quam
671 631 747 701 illud,
762 631 801 690 ad
818 641 899 690 tuam
917 647 1064 690 summam

115 729 345 805 amplitudinem,
369 729 548 804 dignitatem,
567 730 736 800 libertatem,
758 748 816 806 qua
837 739 866 789 te
887 730 950 788 scio
972 729 1063 787 liben-

117 828 227 885 tissime
258 827 311 885 frui
342 826 444 898 solere,
473 827 615 903 pertinere
646 838 674 886 te
706 829 768 888 sine
796 827 854 886 ulla
881 845 968 885 mora
999 844 1065 903 pro·

117 926 241 983 vinciam
282 925 444 984 successori
482 925 651 995 concedere,
689 925 857 1000 praesertim
897 943 967 984 cum
1005 925 1066 982 sine

118 1023 277 1099 suspitione
302 1033 368 1080 tuae
390 1020 551 1096 cupiditatis
573 1039 635 1079 non
659 1023 754 1098 possis
779 1022 853 1081 illius
874 1023 1066 1098 cupiditatem

116 1120 249 1180 refutare.
276 1119 342 1195 Ego
357 1129 510 1195 utrumque
524 1138 622 1177 meum
636 1129 709 1196 puto
723 1138 797 1191 esse,
811 1129 841 1179 et
854 1120 926 1197 quid
941 1121 1066 1178 sentiam

118 1220 271 1276 ostendere
285 1227 313 1276 et
327 1217 407 1292 quod
422 1217 524 1275 feceris
539 1217 703 1276 defendere.

162 1317 208 1374 26.
232 1315 344 1390 Scripta
364 1316 422 1371 iam
443 1314 566 1390 epistola
586 1316 733 1390 superiore
754 1316 855 1391 accepi
873 1325 940 1374 tuas
959 1314 1067 1374 litteras

119 1415 156 1472 de
175 1412 343 1488 publicanis,
358 1414 388 1469 in
406 1413 511 1488 quibus
530 1413 704 1491 aequitatem
722 1422 802 1471 tuam
821 1431 883 1471 non
901 1414 986 1490 potui
1007 1431 1069 1471 non

118 1511 241 1587 probare
251 1530 258 1582 ;
280 1510 413 1568 facilitate
435 1509 560 1586 quidem*
572 1510 675 1568 vellem
695 1512 836 1587 consequi
855 1513 1014 1587 potuisses
1031 1528 1069 1570 ne

119 1609 180 1668 eius
202 1608 319 1678 ordinis,
341 1625 429 1683 quem
451 1625 565 1686 semper
587 1609 706 1678 ornasti,
727 1628 789 1667 rem
813 1618 862 1667 aut
886 1609 1069 1668 voluntatem

119 1706 293 1764 offenderes.
330 1703 475 1782 Equidem
488 1722 549 1761 non
564 1705 693 1763 desinam
705 1715 753 1764 tua
765 1707 881 1764 decreta
892 1706 1068 1780 defendere;

120 1803 172 1863 sed
194 1803 270 1862 nosti
295 1802 538 1861 consuetudinem
561 1802 731 1874 hominum;
754 1804 812 1862 scis
833 1823 923 1882 quam
944 1806 1070 1881 graviter

120 1900 227 1958 inimici
254 1900 309 1975 ipsi
336 1900 375 1960 illi
403 1898 441 1970 Q.
468 1898 623 1958 Scaevolae
652 1899 773 1973 fuerint;
802 1902 853 1959 tibi
877 1910 980 1960 tamen
1004 1920 1070 1962 sum

121 2008 228 2067 auctor,
243 2007 284 2067 ut,
303 1997 328 2055 si
346 1997 451 2072 quibus
471 1997 557 2055 rebus
579 1998 681 2072 possis,
700 2015 768 2055 eum
789 1998 840 2057 tibi
861 2000 1000 2060 ordinem
1022 2009 1071 2058 aut

120 2094 287 2153 reconcilies
308 2104 357 2152 aut
377 2093 509 2168 mitiges:
535 2093 566 2152 id
588 2094 640 2156 etsi
662 2095 776 2156 difficile
796 2106 849 2168 est,
871 2105 975 2156 tamen
999 2097 1071 2157 mihi

120 2192 231 2250 videtur
245 2210 308 2251 esse
323 2192 491 2269 prudentiae
505 2201 580 2253 tuae.

331 2369 378 2425 30.
421 2363 478 2422 ΑΙ)
499 2363 750 2425 FAMILIARES
772 2365 813 2426 11.
834 2367 862 2427 6.

403 2479 468 2538 Sca.
484 2478 595 2538 Rounu
611 2497 696 2541 nuc.
713 2494 781 2559 701.

378 2603 409 2645 u.
430 2601 532 2646 c1cun0
556 2601 578 2642 s,
593 2602 621 2643 n.
636 2603 661 2647 c·
683 2603 811 2647 eumont.

163 2719 189 2760 r.
210 2699 342 2759 Nonnurr
357 2707 417 2755 erat
434 2697 562 2755 auditum
581 2706 609 2754 te
628 2697 666 2758 ad
683 2697 797 2757 Italiam
818 2701 988 2775 adventare,
1003 2721 1072 2763 cum

121 2798 187 2856 Sex.
199 2797 327 2864 Villium,
340 2794 461 2852 Milonis
472 2794 529 2853 mei
544 2793 720 2865 familiarem,
730 2814 799 2854 cum
812 2798 857 2856 his
872 2799 912 2858 ad
925 2810 955 2861 te
971 2801 1072 2860 litteris

119 2895 205 2965 misi;
228 2893 279 2951 sed
293 2901 390 2949 tamen
406 2907 472 2947 cunr
486 2888 717 2964 adpropinquare
731 2900 798 2950 tuus
814 2893 958 2955 adventus
974 2909 1073 2974 putar-

120 3002 183 3049 etur
204 3000 232 3048 et
255 2989 362 3047 teiam
385 3004 421 3043 ex
446 2984 517 3042 Asia
542 2983 669 3040 Romam
693 3002 793 3045 versus
815 2992 986 3067 profectum
1008 3014 1074 3055 esse

121 3094 274 3154 constaret,
290 3080 460 3156 magnitudo
480 3079 520 3136 rei
540 3079 615 3147 fecit,
630 3087 736 3138 utnon
749 3100 915 3146 vereremur
930 3108 969 3148 ne
985 3093 1074 3153 nimis

121 3184 179 3241 cito
200 3183 386 3247 mitteremus,
409 3192 476 3233 cum
497 3175 549 3231 has
573 3175 809 3248 quamprimum
832 3182 871 3241 ad
896 3194 927 3243 te
951 3189 1075 3263 perferri

120 3281 228 3338 litteras
245 3291 354 3349 magno
375 3290 463 3346 opere
482 3271 626 3327 vellemus.
669 3267 744 3342 Eg0,
761 3274 787 3352 si?
799 3293 867 3335 mea
882 3280 912 3338 in
928 3294 957 3341 te
973 3296 1076 3347 essent

120 3373 216 3435 officia
235 3372 337 3440 solum,
357 3367 455 3432 Curio,
474 3376 555 3426 tanta
584 3373 687 3421 manta
704 3370 797 3442 magis
816 3389 834 3431 a
851 3383 880 3434 te
898 3377 968 3458 ipso
988 3396 1075 3460 praet
