2498 3840
151 199 213 286 136
430 214 464 262 M.
491 213 610 261 Turrn
630 214 819 262 oroanonrs
962 198 1031 291 [na
1046 216 1091 267 ru

148 369 272 428 ferendis
286 378 394 441 auctor,
410 368 456 428 ille
471 368 582 428 Galliae
596 367 737 427 ulterioris
751 368 910 440 adiunctor,
925 369 973 428 ille
991 390 1090 446 gener,

148 467 193 524 ille
216 466 246 523 in
271 467 439 542 adoptando
464 465 496 525 P.
519 465 626 524 Clodio
649 483 748 540 augur,
770 465 816 523 ille
840 467 1008 526 restituendi
1032 468 1090 527 mei

148 581 236 639 quam
250 564 390 622 retinendi
411 563 575 634 studiosior,
591 562 636 619 ille
656 563 820 638 provinciae
843 575 1029 641 propagator,
1044 565 1090 624 ille

148 660 273 718 absentis
287 662 318 718 in
332 662 468 720 omnibus
488 661 609 730 adiutor,
625 659 702 717 idem
721 659 808 718 etiam
826 661 911 719 tertio
929 662 1090 734 consulatu,

147 767 303 834 postquam
318 776 381 817 esse
399 758 535 817 defensor
553 757 593 814 rei
612 756 745 831 publicae
765 757 869 831 coepit,
884 759 1045 830 contendit,
1060 769 1092 818 ut

148 854 250 913 decem
265 855 370 912 tribuni
384 855 422 930 pl.
437 855 550 924 ferrent,
566 863 598 912 ut
612 854 739 911 absentis
752 856 824 912 ratio
838 854 999 926 haberetur,
1009 857 1092 933 quod

148 951 225 1009 idern
245 953 308 1028 ipse
329 952 424 1010 sanxit
444 952 509 1028 lege
535 951 661 1027 quadarn
683 968 743 1019 sua,
766 949 927 1028 Marcoque
949 952 1091 1012 Marcello
1137 988 1141 995 ·

147 1050 260 1108 consuli
278 1050 388 1107 finienti
408 1050 570 1124 provincias
586 1048 694 1107 Gallias
708 1047 906 1107 Kalendarum
921 1049 1092 1110 Martiarum

148 1147 194 1205 die
221 1148 341 1205 restitit:
370 1147 430 1217 sed,
453 1156 485 1204 ut
513 1146 585 1204 haec
613 1146 755 1218 omittam,
778 1147 847 1222 quid
875 1147 997 1218 foedius,
1021 1147 1093 1224 quid

147 1245 339 1322 perturbatius
360 1245 417 1303 hoc
439 1245 476 1301 ab
496 1245 567 1301 urbe
590 1243 718 1303 discessu
738 1246 797 1304 sive
814 1246 910 1321 potius
926 1247 1093 1322 turpissima

147 1343 236 1417 fuga?
264 1359 338 1417 quae
367 1341 501 1399 condicio
526 1358 587 1398 non
613 1342 783 1417 accipienda
806 1343 859 1401 fuit
881 1344 1093 1420 potiusquam

147 1439 336 1515 relinquenda
355 1439 467 1513 patria?
488 1438 580 1495 malae
600 1439 787 1496 condiciones
805 1449 903 1512 erant;
924 1440 1025 1512 fateor,
1039 1441 1093 1501 sed

147 1555 219 1595 num
233 1537 303 1613 quid
317 1536 373 1594 hoc
387 1535 490 1612 peius?
533 1553 559 1606 4.
578 1535 630 1593 ‘At
646 1537 827 1611 recuperabit
845 1556 907 1595 rem
926 1536 1094 1614 publicam'

148 1633 296 1705 Quando?
317 1643 366 1691 aut
385 1633 454 1708 quid
474 1633 511 1690 ad
530 1650 594 1690 eam
614 1650 696 1707 spem
717 1643 761 1691 est
779 1635 889 1709 parati?
931 1635 1002 1693 Non
1021 1654 1093 1712 ager

148 1732 272 1791 Picenus
292 1730 436 1789 amissus?
477 1728 548 1788 Non
566 1730 741 1805 patefactum
761 1733 813 1790 iter
831 1733 869 1791 ad
886 1733 1008 1792 urbem?
1028 1753 1093 1794 uon

149 1830 274 1906 pecunia
294 1830 390 1887 omnis
411 1836 439 1885 et
459 1827 574 1903 publica
598 1837 627 1885 et
649 1828 759 1903 privata
782 1830 944 1889 adversario
968 1831 1092 1891 tradita?

150 1927 285 2003 Denique
305 1925 383 1983 nulla
404 1942 498 1994 causa,
518 1923 612 1982 nullae
634 1925 716 1996 vires,
735 1926 813 1985 nulla
834 1927 926 1999 sedes,
941 1946 1001 2005 quo
1019 1948 1093 1989 con·

149 2034 264 2083 currant
275 2024 324 2100 qui
338 2040 398 2080 rem
413 2021 559 2098 publicam
576 2020 724 2081 defensam
738 2024 844 2083 velint:
859 2025 966 2100 Apulia
979 2026 1093 2087 delecta

148 2131 201 2193 est,
220 2121 388 2178 inanissima
409 2137 477 2194 pars
496 2119 595 2177 Italiae
615 2128 645 2176 et
665 2121 703 2176 ab
724 2121 833 2196 impetu
853 2121 938 2181 huius
959 2123 1026 2181 belli
1047 2143 1092 2184 re-

148 2219 325 2289 motissima;
356 2216 426 2292 fuga
454 2225 483 2274 et
510 2216 653 2274 maritima
677 2219 879 2293 opportunitas
906 2219 968 2277 visa
991 2222 1092 2296 quaeri

148 2317 356 2392 desperatione.
399 2313 464 2382 †In
478 2322 507 2370 te
521 2315 584 2389 cepi
599 2313 741 2389 Capuam,
753 2333 814 2373 non
828 2333 887 2392 quo
901 2333 1009 2376 munus
1020 2316 1091 2377 illud

148 2411 325 2488 defugerem,
339 2411 392 2470 sed
406 2412 436 2468 in
450 2428 485 2469 ea
498 2428 595 2480 causa,
609 2411 639 2467 in
661 2429 719 2486 qua
740 2413 834 2471 nullus
849 2422 926 2472 esset
944 2413 1092 2489 ordinum,

147 2509 242 2569 nullus
269 2519 384 2585 apertus
408 2509 584 2583 privatorum
607 2508 699 2578 dolor,
724 2509 869 2567 bonorum
894 2519 992 2569 autem
1014 2521 1093 2573 esset

148 2608 257 2683 aliquis,
270 2607 322 2665 sed
336 2605 434 2675 hebes,
445 2614 477 2663 ut
491 2605 574 2676 solet,
589 2616 625 2675 et,
639 2616 670 2663 ut
683 2607 746 2682 ipse
761 2607 925 2676 sensissem,
936 2607 1092 2668 multitudo

147 2712 176 2761 et
198 2703 314 2759 infimus
339 2703 459 2778 quisque
483 2719 646 2777 propensus
666 2703 698 2759 iu
722 2703 840 2761 alteram
863 2712 984 2779 partem,
1005 2705 1090 2764 multi

146 2799 313 2859 mutationis
334 2816 429 2856 rerum
449 2799 555 2874 cupidi,
576 2799 636 2856 dixi
657 2800 712 2875 ipsi
732 2817 780 2857 me
800 2799 869 2857 nibil
888 2809 1092 2876 suscepturum

147 2899 210 2957 siue
237 2896 381 2973 praesidio
410 2906 439 2954 et
467 2897 530 2954 sine
560 2897 685 2971 pecunia
692 2917 700 2968 ;
731 2909 758 2970 5.
780 2897 877 2973 itaque
905 2897 993 2957 habui
1021 2898 1093 2958 nihil

147 2996 268 3053 omnino
289 2994 408 3069 negotii,
425 2993 506 3070 quod
527 2995 564 3052 ab
585 2994 665 3052 initio
687 2995 744 3052 vidi
764 2995 834 3051 nihil
855 2996 954 3070 quaeri
978 3007 1094 3071 praeter

145 3091 262 3165 fugam:
277 3109 343 3149 eam
356 3091 381 3150 si
395 3109 473 3149 nunc
488 3108 601 3165 sequor,
614 3093 763 3167 quonam?
804 3091 881 3150 Cum
895 3092 944 3149 illo
958 3109 1037 3165 non;
1053 3093 1092 3153 ad

148 3206 236 3262 quem
264 3207 332 3247 cum
359 3206 455 3247 essem
480 3187 635 3263 profectus
659 3189 784 3263 cognovi
808 3189 839 3245 in
864 3189 899 3246 iis
926 3188 998 3247 locis
1025 3207 1092 3248 esse

150 3282 314 3355 Caesarem,
328 3295 360 3343 ut
378 3295 441 3344 tuto
462 3285 614 3343 Luceriam
632 3286 728 3343 venire
747 3303 808 3343 non
822 3303 948 3361 possem.
992 3285 1091 3344 Infero

149 3383 221 3440 mari
235 3383 328 3456 nobis,
343 3384 452 3441 incerto
468 3401 561 3454 cursu,
576 3382 671 3440 hieme
685 3383 812 3441 maxima
826 3381 1023 3458 navigandum
1038 3392 1090 3444 est.
