2392 3848
124 224 221 289 aueo,
237 208 292 295 sn]
348 222 463 273 namn.
486 223 536 273 An
556 222 723 274 Arrrcmu
741 223 792 274 rr.
814 231 846 294 9.
1008 210 1067 274 181

122 372 214 433 derat
257 371 388 432 Omnino
409 372 480 433 haec
503 373 608 432 eodem
634 375 724 433 modo
750 393 787 433 ex
807 373 864 432 hac
884 382 965 450 parte
990 372 1070 444 fiunt,

122 471 180 530 nisi
193 471 275 547 quod
292 470 362 529 illud
379 481 440 530 erat
459 471 620 543 infinitum
642 489 746 530 omnes
767 473 855 540 enim,
875 472 924 547 qui
943 473 974 528 in
989 471 1072 528 ltalia

121 577 300 639 manserant,
314 567 443 628 hostium
457 587 578 627 numero
593 569 782 627 habebantur.
827 569 886 626 Sed
900 568 985 626 velim
1000 567 1072 624 haec

122 665 280 742 aliquando
305 666 441 725 solutiore
465 668 571 724 animo.
617 679 642 741 7.
666 665 810 737 Quintum
838 665 956 723 fratrem
984 664 1072 721 audio

122 763 290 841 profectum
303 764 333 821 in
347 763 458 834 Asiam,
473 774 506 822 ut
520 765 738 840 deprecaretur3
762 764 798 822 de
810 763 868 821 filio
883 762 952 820 nihil
967 761 1071 820 audivi.

123 858 186 919 Sed
201 878 307 936 quaere
324 878 361 918 ex
375 860 530 931 Diochare,
545 860 677 919 Caesaris
697 859 808 930 liberto,
824 877 912 936 quem
932 875 988 934 ego
1011 875 1072 915 non

122 958 194 1029 vidi,
222 958 273 1033 qui
300 958 370 1016 istas
398 957 596 1017 Alexandreas
624 958 731 1015 litteras
763 957 862 1016 attulit.
907 957 938 1013 Is
971 956 1074 1014 dicitur

121 1055 232 1115 vidisse
248 1051 313 1135 [an]
328 1065 455 1126 euntem,
470 1056 580 1112 aniam
594 1055 625 1112 in
638 1055 718 1113 Asia.
760 1054 842 1113 Tuas
856 1053 971 1124 litteras,
986 1061 1073 1127 prout

122 1170 173 1213 res
190 1152 327 1230 postulat,
348 1161 504 1228 exspect03
526 1169 599 1227 quas
620 1152 706 1209 velim
731 1169 815 1210 cures
836 1168 925 1226 quam
947 1151 1074 1225 primum

123 1250 167 1311 ad
179 1269 229 1309 me
243 1249 437 1327 perferendas.
480 1267 531 1308 mr.
546 1248 585 1307 K.
601 1248 756 1307 Decembr.

361 1407 410 1464 ar.
451 1404 508 1463 An
528 1403 724 1463 Arrrcun
745 1403 798 1463 xr.
820 1423 848 1481 9.

149 1520 219 1583 Sca
240 1519 393 1579 Brunnrsn
413 1538 441 1580 n.
455 1538 483 1579 n.
505 1537 547 1578 rn.
568 1518 672 1578 Nonus
692 1518 853 1578 Innumrns
874 1537 960 1580 auc.
983 1531 998 1593 7
1024 1531 1051 1594 7.

450 1645 678 1689 c1crrnonrr1co
699 1645 761 1686 sna.

174 1762 201 1805 1.
220 1743 285 1804 Eoo
308 1761 377 1802 vero
399 1753 428 1802 et
452 1744 575 1815 incaute,
596 1752 628 1801 ut
652 1743 761 1813 scribis,
783 1751 812 1800 et
834 1740 964 1813 celerius,
985 1758 1075 1817 quam

127 1845 270 1923 oportuit,
284 1843 340 1902 leci
353 1860 407 1901 nec
421 1844 451 1899 in
465 1841 522 1900 ulla
539 1860 604 1900 sum
624 1859 685 1917 spe,
699 1842 807 1917 quippe
829 1840 879 1916 qui
898 1839 1077 1916 exceptioni-

128 1942 189 2003 bus
212 1941 374 2000 edictorum
398 1941 540 2013 retinea13
571 1958 647 2016 quae
672 1940 696 1996 si
720 1957 782 1996 non
806 1947 903 1996 essent
927 1938 1076 1996 sedulitate

130 2040 255 2101 effectae
275 2047 303 2096 et
324 2038 524 2096 benevolentia
543 2048 601 2108 tua,
620 2037 718 2095 liceret
739 2036 808 2094 mihi
828 2037 906 2094 abire
926 2035 957 2093 in
978 2036 1077 2093 solitu·

131 2138 218 2199 dines
232 2136 360 2211 aliquas:
381 2153 460 2194 nunc
477 2153 514 2192 ne
528 2135 558 2193 id
572 2135 690 2210 quidem
705 2135 778 2192 licet.
821 2133 901 2205 Quid
918 2143 1015 2192 autern
1030 2152 1078 2192 me

132 2236 222 2307 iuvat,
241 2233 321 2309 quod
343 2242 409 2290 ante
430 2233 532 2290 initum
552 2233 727 2290 tribunatum
742 2231 814 2301 veni,
830 2232 854 2289 si
873 2231 979 2308 ipsum,
998 2229 1080 2306 quod

116 2332 210 2403 ¹veni,
224 2331 294 2390 nihil
308 2331 403 2388 iuvat?
425 2331 483 2388 iam
494 2330 564 2405 quid
580 2347 694 2405 sperem
709 2329 746 2385 ab
761 2346 806 2399 e0,
818 2329 867 2404 qui
882 2329 952 2386 mihi
967 2329 1079 2386 amicus

134 2447 298 2506 numquam
317 2428 377 2499 fuit,
393 2446 461 2486 eum
480 2429 537 2485 iam
552 2427 617 2502 lege
636 2427 724 2484 etiam
742 2426 797 2482 sim
814 2425 964 2484 conlectus
981 2435 1009 2482 et
1027 2443 1081 2500 op·

135 2528 277 2607 pressus?
297 2526 418 2601 quotzdie
440 2527 498 2583 iam
517 2523 601 2582 Balbi
622 2523 660 2582 ad
681 2541 728 2581 me
748 2523 856 2580 litterae
876 2522 1081 2599 languidiores,

136 2626 305 2700 multaeque
321 2623 478 2681 multorum
497 2622 535 2680 ad
549 2622 638 2691 illum,
653 2620 775 2678 fortasse
794 2628 896 2677 contra
912 2638 968 2677 me.
1010 2618 1082 2677 Meo

136 2725 208 2784 vitio
229 2740 334 2800 pereo;
359 2721 430 2780 nihil
451 2721 520 2778 mihi
541 2720 610 2778 mali
632 2737 717 2777 casus
738 2719 847 2790 attulit3
877 2720 977 2776 omnia
997 2719 1083 2793 culpa

137 2830 289 2883 contracta
315 2829 390 2878 sunt.
440 2817 506 2893 Ego
536 2818 623 2887 enim,
649 2835 716 2874 cunr
738 2834 830 2891 genus
855 2816 922 2874 belli
946 2816 1081 2886 viderem,

137 2922 281 2997 imparata
295 2927 323 2975 et
337 2916 450 2974 infirma
467 2916 566 2973 omnia
583 2924 685 2972 contra
698 2914 904 2988 paratissimos
919 2921 1082 2983 statueram,

138 3017 211 3095 quid
226 3016 359 3084 lacerem,
374 3030 566 3088 ceperamque
586 3010 737 3068 consilium
755 3027 816 3066 non
833 3019 893 3066 tam
907 3008 979 3066 forte
993 3026 1082 3084 quarn

140 3115 213 3175 mihi
234 3121 347 3190 praeter
369 3120 481 3168 ceteros
508 3107 739 3167 concedendum.
784 3125 811 3165 a.
834 3105 917 3164 Cessi
945 3106 1018 3164 meis
1039 3106 1083 3164 vel

105 3236 111 3245 ·
140 3212 240 3292 potius
258 3209 348 3287 parui,
367 3226 404 3265 ex
423 3209 527 3282 quibus
545 3225 620 3264 unus
638 3225 697 3281 qua
716 3216 814 3263 mente
835 3205 927 3275 luerit,
947 3205 979 3274 is,
994 3223 1081 3281 quern

142 3322 175 3371 tu
192 3308 264 3367 mihi
283 3306 480 3375 commendas,
496 3322 659 3379 cognosces
679 3304 818 3378 exipsius
833 3303 940 3374 litteris,
955 3320 1026 3378 quas
1045 3303 1083 3360 ad

143 3418 173 3469 te
189 3417 219 3467 et
237 3405 275 3465 ad
293 3404 365 3463 alios
380 3402 465 3474 misit,
480 3418 552 3478 quas
570 3419 627 3477 ego
647 3417 808 3477 numquam
829 3400 1015 3478 aperuissem,
1029 3398 1084 3458 nisi
