2498 3840
152 191 214 256 234
325 230 328 235 .
429 186 467 235 rr.
493 186 613 235 Tutrrr
634 186 822 235 orcanonrs
979 172 1026 256 [ra
1061 185 1096 237 v.

149 349 349 398 remansemnt
376 338 407 395 in
440 338 559 397 civitate.
603 336 719 396 Civibus
746 336 826 395 victis
854 344 886 394 ut
920 345 1096 412 parceretur,

149 453 241 511 aeque
257 454 290 493 ac
305 453 358 511 pro
373 453 439 492 mea
458 435 547 494 salute
562 435 696 493 laboravi.
741 453 767 508 3.
788 433 914 492 Possum
932 434 1030 508 igitur,
1044 434 1097 509 qui

150 551 253 592 omnes
267 534 405 591 voluerim
419 534 589 603 incolumes,
604 550 708 602 eum,a
723 550 781 609 quo
795 532 826 590 id
840 531 1028 606 impetratum
1042 542 1098 601 est,

150 632 258 706 perisse
278 649 339 688 non
354 631 518 706 indignari?
540 648 607 689 cum
621 631 789 705 praesertim
808 628 885 687 idem
899 628 1038 688 homines
1055 629 1099 687 illi

151 735 179 786 et
202 728 323 786 invidiae
349 738 377 786 et
398 729 486 786 exitio
508 727 620 786 fuerint.
663 727 815 784 ‘Plecteris
841 726 929 802 ergo,'
959 726 1101 801 inquiunt

151 828 307 902 ‘quoniam
327 827 434 884 factum
455 835 586 884 nostrum
607 826 770 900 improbare
793 823 900 882 audes?
942 823 970 884 O
993 843 1099 901 super-

149 923 229 980 biam
249 923 415 994 inauditam,
431 923 502 982 alios
522 924 551 980 in
569 923 696 981 facinore
713 922 837 999 gloriari,
852 921 914 979 aliis
935 940 972 980 ne
996 923 1100 982 dolere

151 1022 269 1098 quidem
293 1023 433 1098 impunite
460 1023 563 1081 licerel
596 1031 625 1079 at
653 1021 724 1079 haec
752 1021 839 1078 etiam
864 1021 952 1079 servis
977 1039 1101 1098 semper

149 1119 238 1179 libera
253 1121 374 1192 fuerunt,
389 1127 422 1178 ut
438 1121 579 1190 timerent,
593 1119 761 1196 gauderent,
777 1117 906 1177 dolerent
926 1136 980 1177 suo
995 1121 1101 1196 potius

150 1235 238 1293 quam
253 1218 367 1276 alterius
381 1219 512 1289 arbitri03
535 1236 610 1293 quae
624 1234 710 1287 nunc,
725 1226 756 1274 ut
769 1216 888 1292 quidem
902 1215 949 1273 isti
963 1216 1100 1276 dictitant

150 1315 286 1373 libertatis
301 1325 441 1386 auctores,
456 1326 536 1374 metu
551 1317 636 1374 nobis
650 1323 820 1390 extorquere
840 1322 992 1373 conantur.
1037 1314 1099 1374 Sed

150 1412 219 1470 nihil
244 1424 341 1488 agunt.
384 1432 410 1487 4.
432 1413 545 1472 Nullius
568 1430 708 1488 umquam
733 1410 851 1487 periculi
874 1412 1033 1471 terroribus
1057 1414 1099 1471 ab

149 1509 245 1569 officio
275 1521 323 1568 aut
351 1513 388 1569 ab
410 1511 588 1569 humanitate
616 1510 793 1580 desciscam;
825 1526 986 1584 numquam
1015 1511 1098 1569 enim

149 1606 302 1666 honestam
325 1617 449 1664 mortem
474 1607 650 1683 fugiendam,
675 1623 762 1681 saepe
785 1607 872 1663 etiam
893 1606 1098 1683 oppetendam

150 1707 256 1782 putavi.
299 1705 357 1764 Sed
372 1705 442 1781 quid
456 1706 526 1762 mihi
540 1714 720 1772 succensent,
733 1705 756 1761 si
767 1705 797 1762 id
811 1713 892 1780 opto,
902 1716 934 1762 ut
947 1708 1097 1781 paeniteat

150 1821 202 1862 eos
220 1805 263 1861 sui
278 1802 364 1861 lacti?
385 1804 471 1879 cupio
491 1804 569 1861 enim
584 1801 715 1861 Caesaris
734 1812 857 1860 mortem
872 1803 1011 1862 omnibus
1030 1821 1097 1862 esse

150 1902 290 1959 acerbam.
335 1900 390 1957 ‘At
405 1901 499 1959 debeo
513 1918 567 1976 pro
589 1901 661 1958 civili
680 1910 761 1975 parte
782 1919 842 1957 rem
860 1900 1008 1976 publicam
1022 1902 1096 1961 velle

151 1995 277 2057 salvam?
320 1998 356 2056 Id
370 1998 486 2073 quidem
507 2017 555 2056 me
577 2017 690 2074 cupere,
706 1998 760 2056 nisi
779 2008 808 2055 et
821 2008 886 2055 ante
908 2008 973 2056 acta
987 2000 1046 2058 vita
1066 2009 1097 2057 et

151 2097 259 2172 reliqua
272 2114 338 2153 mea
353 2113 420 2171 spes
439 2104 551 2153 tacente
570 2114 617 2153 me
631 2097 744 2172 probat,
760 2094 883 2153 dicendo
897 2096 1013 2156 vincere
1032 2113 1095 2156 non

151 2194 276 2271 postulo
319 2208 346 2266 5.
368 2193 479 2264 Quare
498 2194 637 2252 maiorem
652 2193 682 2250 in
701 2193 823 2251 modum
841 2202 869 2251 te
888 2211 969 2269 rog0,
984 2205 1095 2255 utrem

151 2292 293 2368 potiorem
308 2291 436 2348 oratione
452 2292 540 2349 ducas
559 2290 695 2366 mihique,
711 2291 734 2349 si
754 2292 842 2350 sentis
860 2292 997 2366 expedire
1015 2304 1094 2352 recte

150 2390 218 2460 fieri,
240 2389 340 2446 credas
368 2388 475 2446 nullam
503 2391 740 2447 communionem
768 2406 835 2447 cum
858 2390 1000 2465 improbis
1028 2410 1094 2451 esse

150 2504 244 2562 posse.
287 2486 344 2555 An,
360 2486 441 2560 quod
461 2485 632 2544 adulescens
653 2487 788 2562 praestiti,
803 2505 871 2544 cum
891 2488 977 2546 etiam
998 2508 1094 2552 errare

149 2600 217 2640 cum
246 2583 431 2640 excusatione
460 2601 587 2658 possem,
610 2583 640 2640 id
667 2601 754 2655 nunc,
776 2593 869 2642 aetate
896 2586 1093 2662 praecipitata,

150 2689 327 2738 commutem
351 2698 385 2737 ac
410 2697 458 2737 me
483 2679 544 2754 ipsc
572 2681 722 2738 retexam?
763 2680 834 2738 Non
858 2680 971 2753 faciam,
995 2702 1093 2760 neque

149 2777 231 2850 quod
255 2776 403 2852 displiceat
428 2778 615 2848 committam,
637 2786 838 2854 praeterquam
860 2779 940 2854 quod
964 2779 1093 2842 hominis

149 2874 219 2932 mihi
252 2875 480 2932 coniunctissimi
507 2894 540 2933 ac
568 2875 620 2932 viri
647 2875 816 2951 amplissimi
850 2875 937 2934 doleo
972 2896 1093 2953 gravem

149 2988 258 3028 casum.
301 2971 433 3042 Quodsi
455 2973 534 3030 aliter
548 2990 642 3031 essem
664 2973 814 3043 animatus,
830 2991 989 3050 numquam
1010 2981 1093 3052 quod

149 3068 273 3126 facerem
288 3087 434 3144 negarem,
450 3089 487 3128 ne
502 3080 530 3128 et
545 3071 574 3127 in
588 3071 739 3146 peccando
754 3071 903 3146 improbus
917 3081 946 3129 et
960 3073 991 3130 in
1006 3075 1091 3136 dissi·

148 3165 287 3223 mulando
298 3166 415 3224 timidus
429 3186 463 3226 ac
474 3186 564 3225 vanus
578 3169 763 3225 existimarer.
800 3169 830 3227 6.
845 3169 900 3227 ‘At
910 3169 1005 3243 ludos,
1015 3190 1091 3249 quos

149 3261 281 3321 Caesaris
296 3265 429 3322 victoriae
449 3263 557 3324 Caesar
576 3266 744 3324 adulescens
762 3265 836 3333 fecit,
851 3263 964 3326 curavi!
1006 3271 1046 3328 At
1059 3272 1091 3331 id

147 3358 186 3418 ad
199 3359 341 3438 privatum
355 3361 490 3433 officium,
502 3380 563 3422 non
577 3363 614 3420 ad
629 3372 735 3422 statum
750 3364 790 3421 rei
801 3364 933 3440 publicae
947 3366 1088 3443 pertiuet;
