2392 3848
125 114 224 179 spu,
237 102 294 200 ῃ]
331 113 444 164 aaran
467 112 518 162 an
539 112 760 163 rammam
781 116 855 164 xiv.
879 116 908 184 7.
1008 118 1070 188 173

125 262 247 341 negotio
270 264 373 340 potuit,
394 273 431 335 et,
453 264 478 322 si
502 264 651 334 tenuisset,
672 281 776 322 omnes
799 264 870 322 boni
892 265 929 324 ad
950 283 1018 323 eum
1039 270 1071 324 se

125 360 327 432 contulissent,
349 361 497 438 Syracusis
518 361 666 437 profectus
688 371 732 419 est
752 372 820 419 ante
846 363 923 421 diem
949 381 1010 422 vm.
1032 363 1070 422 K.

124 456 209 530 Mar,
218 468 252 516 ut
265 458 304 517 ad
317 476 364 517 me
379 457 468 517 Curio
484 459 605 534 scripsit.
647 458 776 528 Utinam,
788 460 868 535 quod
883 461 969 531 aiunt,
985 462 1072 521 Cotta

126 552 294 615 Sardiniam
307 557 419 612 teneatl
439 563 483 613 est
496 556 575 612 enim
588 573 695 613 rumor.
728 553 764 624 O,
775 555 799 612 si
813 555 842 613 id
856 555 948 627 fuerit,
958 569 1072 634 turpem

125 650 293 711 Catonem!
329 670 355 724 4.
374 652 450 728 Ego,
461 662 493 711 ut
506 653 668 710 minuerem
683 653 872 727 suspitionem
886 655 1072 729 profectionis

124 759 177 809 aut
192 750 377 826 cogitationis
392 767 482 821 meae,
493 748 639 825 profectus
654 768 719 808 sum
733 750 763 806 in
777 749 991 825 Pompeianum
1005 772 1031 811 a.
1043 755 1072 813 d.

125 866 180 907 mr.
204 847 285 918 Idus,
306 859 338 905 ut
357 848 397 905 ibi
418 864 521 918 essem,
541 846 610 905 dum
632 864 707 922 quae
728 847 766 905 ad
783 849 979 924 navigandum
997 870 1072 927 opus

125 954 229 1005 essent
249 955 427 1021 pararentur.
468 944 546 1004 Cum
564 945 601 1003 ad
616 944 711 1001 villam
725 946 878 1015 venissem,
893 957 1011 1006 ventum
1030 961 1072 1008 est

126 1043 246 1103 adme:
268 1043 452 1102 centuriones
465 1044 552 1101 trium
566 1043 738 1112 cohortium,
748 1060 822 1119 quae
837 1043 983 1121 Pompeiis
998 1059 1071 1115 sunt,

127 1160 179 1203 me
207 1143 280 1201 velle
306 1143 448 1219 postridie
476 1138 774 1222 [convenire]-haec
802 1160 919 1201 mecum
947 1144 1073 1204 Ninnius

127 1250 280 1313 noster-3
302 1241 373 1299 velle
392 1259 444 1299 eos
463 1240 533 1298 mihi
553 1259 583 1299 se
603 1248 631 1297 et
645 1240 786 1314 oppidum
801 1242 921 1301 tradere.
963 1243 1003 1301 At
1016 1263 1073 1320 ego

128 1340 183 1399 tibi
206 1339 345 1416 postridie
365 1356 383 1396 a
403 1339 468 1396 villa
489 1349 557 1398 ante
577 1338 681 1408 lucem,
702 1348 734 1396 ut
754 1357 802 1396 me
826 1341 949 1398 omnino
974 1342 1012 1398 illi
1036 1361 1074 1399 ne

128 1439 269 1498 viderent.
312 1437 392 1508 Quid
408 1438 487 1495 enim
506 1446 567 1495 erat
585 1437 616 1493 in
637 1437 727 1494 tribus
748 1436 935 1496 cohortibus?
956 1439 1034 1514 quid,
1051 1443 1074 1498 si

127 1536 249 1615 plures?
269 1552 329 1613 quo
344 1537 503 1611 apparatu?
525 1535 650 1610 cogitavi
664 1535 768 1593 eadem
783 1535 830 1592 illa
844 1535 988 1608 Caeliana,
1000 1555 1075 1613 quae

126 1634 191 1711 legi
208 1634 240 1693 in
259 1633 381 1712 epistola
400 1642 458 1703 tua,
473 1651 561 1709 quam
581 1633 689 1707 accepi,
705 1632 788 1690 simul
809 1642 837 1691 et
857 1635 888 1690 in
909 1633 1075 1694 Cumanum

127 1732 208 1803 veni,
222 1731 329 1791 eodem
344 1731 399 1803 die,
413 1740 443 1789 et
458 1727 569 1810 [simul]
585 1730 645 1788 fieri
661 1738 783 1805 poterat,
798 1740 830 1788 ut
851 1743 1073 1808 temptaremur;

128 1848 255 1905 omnem
278 1829 365 1905 igittu
389 1829 578 1904 suspitionem
603 1827 711 1886 sustuli.
756 1842 782 1900 5.
809 1828 867 1887 Sed
889 1830 959 1887 dum
978 1832 1074 1904 redeo,

128 1928 312 1988 Hortensius
322 1936 447 1997 venerat,
456 1935 486 1984 et
499 1926 537 1984 ad
550 1926 719 1984 Terentiam
734 1925 888 1984 salutatum
903 1928 1074 2001 deverterat;

128 2043 272 2097 sermone
286 2035 347 2083 erat
360 2042 430 2082 usus
449 2023 610 2081 honorifico
630 2041 699 2098 erga
717 2041 773 2080 me.
817 2023 933 2084 Tamen
953 2044 1029 2098 eum,
1045 2040 1077 2086 ut

131 2134 215 2201 put0,
229 2122 335 2181 videbo
343 2141 352 2193 ;
374 2122 452 2179 misit
470 2122 548 2180 enim
563 2139 685 2196 puerum
700 2139 731 2178 se
746 2120 783 2179 ad
797 2140 844 2179 me
859 2124 963 2183 venire.
1005 2125 1075 2185 Hoc

132 2221 255 2299 quidem
268 2220 370 2277 melius
385 2237 474 2295 quam
491 2219 603 2293 collega
622 2228 720 2277 noster
734 2217 888 2290 Antonius,
903 2223 984 2280 cuius
1002 2223 1076 2283 inter

131 2318 251 2379 lictores
264 2317 366 2376 lectica
379 2317 468 2374 mima
482 2324 620 2391 portatur.
663 2317 690 2371 6.
712 2314 769 2386 Tu,
785 2317 923 2390 quoniam
938 2331 1077 2394 quartana

133 2433 225 2486 cares,
247 2424 277 2473 et
300 2414 409 2472 nedum
437 2431 544 2472 novum
571 2415 708 2471 morbum
735 2416 889 2486 removisti,
911 2418 963 2475 sed
991 2420 1075 2478 etiam

132 2512 330 2589 gravedinem,
347 2520 375 2568 te
396 2520 530 2584 vegetum
551 2511 636 2569 nobis
657 2510 688 2567 in
708 2510 831 2570 Graecia
850 2512 926 2584 siste,
941 2523 970 2572 et
988 2514 1076 2574 litter-

133 2627 218 2671 arum
233 2609 341 2687 aliquid
355 2609 472 2667 interea.

321 2802 366 2857 75.
409 2798 466 2856 AD
487 2797 739 2858 FAMILIARES
760 2798 841 2859 XIV.
866 2804 892 2860 7.

149 2954 216 3018 Sca.
238 2972 270 3015 m
289 2972 385 3014 norro
406 2953 560 3014 Consano
581 2973 658 3014 aava
679 2973 846 3025 couscnuss,
868 2974 916 3013 v11.
938 2974 977 3014 11).
999 2955 1063 3015 Iun.

166 3080 252 3123 nuc.
269 3076 336 3137 705.
378 3080 501 3121 ruamus
522 3080 687 3121 Trasumen
707 3081 781 3122 suar
801 3081 861 3122 sac.
881 3081 1041 3122 rcunnmu.

180 3212 206 3256 1.
228 3191 333 3253 Ouurs
366 3192 513 3251 molestias
547 3201 576 3250 et
610 3191 823 3260 sollicitudines,
855 3192 960 3266 quibus
993 3202 1022 3250 et
1049 3204 1077 3252 te

138 3291 328 3353 miserrimam
352 3289 501 3375 habuiid
523 3289 603 3368 quod
627 3290 697 3349 mihi
718 3290 954 3350 molestissimum
978 3302 1029 3361 est,
1054 3299 1080 3377 et
