2498 3840
154 186 216 269 176
391 209 392 213 ¹
423 201 463 253 M.
489 201 611 251 ιυιιιι
632 202 821 252 oronnorus
970 190 1039 275 [aare
1054 202 1099 257 ιιι.

151 351 324 427 Pompeium
348 368 403 409 nec
427 351 554 412 nominis
577 351 621 410 sui
643 370 698 410 nec
719 362 985 429 rerumgestarum
1006 354 1099 429 gloria

151 466 246 524 neque
261 449 347 506 etiam
361 465 463 521 regum
478 466 512 505 ac
527 448 680 506 nationum
694 448 842 520 clientelis,
857 467 932 525 quas
952 460 1098 509 ostentare

151 547 254 604 crebro
275 545 394 613 solebat,
416 563 480 602 esse
505 553 607 615 tutum,
629 557 659 603 et
686 545 743 605 hoc
771 547 867 613 etiam,
889 548 971 623 quod
996 548 1098 604 infimo

149 643 256 718 cuique
284 641 413 716 contigit,
441 641 481 698 illi
508 659 569 698 non
597 660 684 718 posse
712 644 890 730 contingere,
915 654 947 703 ut
975 645 1100 704 honeste

152 740 279 815 effugere
307 738 407 814 possit,
435 739 520 814 pulso
554 738 644 810 Italia,
673 741 785 798 amissis
819 741 981 816 Hispaniis
1011 751 1098 817 capto

152 837 278 894 exercitu
304 844 449 905 veterano,
478 835 691 894 circumvallato
720 855 799 895 nunc
832 837 978 913 denique3
1016 837 1097 914 quod

152 933 250 991 nescio
278 951 316 990 an
344 931 413 988 nulli
446 949 585 1008 umquam
618 943 719 992 nostro
751 934 886 992 acciderit
920 936 1099 1012 imperatori.

152 1029 249 1101 Quam
263 1031 303 1088 ob
317 1047 387 1099 rem,
403 1028 473 1105 quid
486 1039 535 1086 aut
549 1030 595 1087 ille
610 1048 726 1105 sperare
741 1032 897 1107 possit'aut
912 1043 951 1104 tu,
963 1035 1097 1096 animum

151 1129 267 1186 adverte
288 1143 341 1202 pro
362 1134 412 1184 tua
432 1125 600 1200 prudentia;
622 1127 664 1184 sic
686 1128 764 1186 enim
785 1128 918 1188 facillime
940 1132 1022 1207 quod
1044 1134 1097 1193 tibi

150 1232 332 1291 utilissimum
346 1231 398 1289 erit
413 1231 526 1288 consilii
540 1232 646 1307 capies.
688 1233 763 1291 Illud
778 1245 874 1291 autem
888 1255 907 1292 a
922 1246 950 1295 te
965 1247 1045 1312 peto,
1056 1252 1096 1310 ut,

148 1331 175 1390 ‘si
200 1331 257 1388 iarn
281 1329 327 1386 ille
352 1328 496 1387 evitaverit
519 1328 576 1387 hoc
601 1329 759 1404 periculum
784 1341 814 1388 et
838 1350 869 1390 se
895 1333 1038 1394 abdiderit
1067 1339 1097 1395 in

151 1429 281 1498 classem,
303 1436 335 1484 tu
354 1425 410 1483 tuis
431 1427 517 1483 rebus
538 1425 672 1484 consulas
686 1436 722 1485 et
743 1428 899 1504 aliquando
920 1430 972 1489 tibi
996 1434 1096 1509 potius

150 1544 239 1603 quam
259 1524 347 1583 cuivis
369 1524 408 1581 sis
430 1524 555 1581 amicus:
581 1525 649 1581 satis
674 1524 782 1581 facturn
806 1536 850 1583 est
871 1527 930 1584 iam
954 1539 1025 1588 ate
1050 1533 1096 1590 vel

149 1625 245 1683 officio
266 1623 310 1680 vel
331 1621 527 1691 familiaritate,
544 1622 613 1679 satis
634 1621 741 1680 factum
761 1624 848 1681 etiam
867 1626 998 1700 partibus
1017 1632 1094 1690 etei

148 1724 190 1780 rei
208 1722 348 1798 publicae,
363 1737 452 1795 quam
471 1728 502 1777 tu
516 1720 669 1794 probabas.
713 1739 740 1794 3.
762 1720 919 1797 Reliquum
933 1734 978 1783 est
993 1733 1032 1796 ut,
1043 1729 1094 1788 ubi

149 1838 228 1878 nunc
248 1829 292 1877 est
311 1836 357 1875 res
378 1816 500 1892 publica,
519 1817 558 1873 ibi
580 1817 670 1875 simus
691 1818 788 1893 potius
810 1838 906 1895 quam,
921 1822 993 1881 dum
1013 1825 1095 1885 illam

148 1929 273 1976 veterem
301 1933 464 1992 sequamur,
489 1914 578 1972 simus
602 1916 632 1972 in
657 1915 744 1974 nulla.
787 1916 854 1988 Qua
878 1936 909 1976 re
932 1922 1027 1994 velim,
1052 1927 1094 1984 mi

148 2013 352 2072 iucundissime
370 2012 482 2081 Cicero,
499 2012 522 2068 si
537 2011 609 2069 forte
625 2012 782 2088 Pompeius
797 2016 898 2090 pulsus
912 2017 957 2076 his
973 2037 1095 2097 quoque

149 2113 220 2170 locis
241 2129 338 2168 rursus
363 2110 431 2168 alias
456 2110 591 2185 regiones
616 2120 713 2186 petere
738 2124 867 2188 cogatur,
889 2125 921 2172 ut
939 2125 971 2174 tu
994 2127 1022 2176 te
1048 2121 1095 2179 vel

149 2211 280 2268 Athenas
295 2208 339 2266 vel
353 2209 382 2265 in
397 2208 527 2283 quamvis
542 2209 669 2282 quietam
686 2211 807 2286 recipias
826 2213 972 2271 civitatem
979 2235 987 2285 ;
1010 2220 1096 2293 quod

149 2309 174 2370 si
194 2307 250 2364 eris
271 2306 403 2376 facturus,
419 2305 503 2362 velim
522 2304 592 2362 mihi
612 2308 729 2378 scribas
746 2318 777 2365 ut
796 2327 861 2384 ego,
878 2311 901 2367 si
920 2312 981 2369 ullo
999 2316 1096 2374 modo

149 2416 261 2482 potero,
276 2404 313 2462 ad
332 2416 360 2462 te
374 2405 516 2462 advolem.
559 2403 770 2481 Quaecumque
785 2406 821 2463 de
836 2415 886 2464 tua
900 2406 1042 2483 dignitate
1057 2416 1096 2473 ab

148 2506 323 2578 imperatore
337 2513 420 2559 erunt
434 2502 623 2576 impetranda,
638 2521 696 2579 qua
715 2513 758 2560 est
776 2503 953 2565 humanitate
973 2507 1095 2581 Caesar,

149 2600 315 2661 facillimum
330 2600 382 2657 erit
395 2600 432 2656 ab
451 2618 488 2658 eo
507 2599 558 2656 tibi
576 2599 630 2674 ipsi
650 2600 820 2675 impetrare3
842 2611 871 2660 et
890 2620 972 2663 meas
993 2616 1095 2671 tamen

148 2716 249 2775 preces
278 2697 355 2772 apud
383 2715 449 2753 eum
475 2714 535 2754 non
560 2697 712 2755 minimum
741 2699 918 2758 auctoritatis
944 2700 1097 2765 habituras

148 2807 230 2873 puto,
271 2795 332 2852 Erit
350 2805 415 2852 tuae
431 2812 548 2871 quoque
566 2794 634 2852 fidei
648 2806 676 2852 et
691 2795 875 2856 humanitatis
892 2817 1002 2872 curare,
1016 2813 1050 2861 ut
1069 2804 1097 2865 is

147 2894 319 2962 tabellarius,
334 2909 422 2969 quem
441 2892 478 2950 ad
497 2902 524 2951 te
544 2892 617 2965 misi,
632 2893 732 2952 reverti
751 2895 843 2970 possit
863 2895 900 2954 ad
919 2914 967 2956 me
987 2908 1016 2957 et
1031 2918 1051 2961 a
1066 2912 1096 2967 te

147 2993 217 3051 mihi
231 2993 337 3050 litteras
351 2990 461 3049 referat.
