2392 3848
128 235 171 297 sp.
188 215 257 307 na]
314 231 427 280 nrrsr.
449 231 500 281 AD
520 230 744 289 rnnrnmnns
765 231 798 280 x.
822 235 873 298 24.
1006 232 1072 300 279

126 390 239 460 cabam,
261 387 375 455 deinde,
396 387 477 464 quod
498 388 536 448 ad
557 407 660 448 omnes
684 406 770 447 casus
794 388 1010 447 coniunctiores
1031 391 1072 447 rei

126 486 261 561 publicae
281 503 346 544 esse
367 486 509 556 volebam,
531 487 696 557 novissime,
718 495 751 544 ut
771 487 809 544 ab
834 486 915 543 omni
940 486 1072 544 omnium

125 583 328 641 sollicitatione
353 600 469 641 aversos
494 601 545 642 eos
568 583 639 642 tales
663 584 747 642 vobis
772 592 918 659 praestare
942 602 1071 659 possem,

126 681 227 757 quales
246 681 341 739 adhuc
360 681 483 739 fuerunt.
523 700 550 754 3.
572 680 637 738 Nos
658 680 753 738 adhuc
774 681 821 739 hic
842 682 943 740 omnia
961 683 1073 757 integra

126 778 323 836 sustinuimus.
365 777 455 850 Quod
483 777 635 836 consilium
663 788 805 848 nostrum,
827 779 881 838 etsi
903 789 1012 855 quanta
1036 780 1073 838 sit

67 863 77 873 ’
124 876 246 934 aviditas
267 876 422 933 hominum
442 894 504 933 non
525 877 588 934 sine
609 894 698 935 causa
718 881 737 944 †
756 877 819 935 talis
840 877 975 935 victoriae
1000 878 1071 948 scio,

126 982 225 1031 tamen
245 973 328 1031 vobis
351 973 468 1048 probari
490 991 584 1048 spero,
626 972 697 1032 Non
720 974 807 1044 eninr,
829 974 853 1032 si
878 974 948 1049 quid
972 974 1002 1032 in
1026 974 1072 1031 his

125 1071 298 1129 exercitibus
313 1073 349 1127 sit
363 1069 517 1141 offensum,
533 1089 641 1146 magna
655 1072 783 1130 subsidia
797 1089 843 1131 res
858 1071 972 1147 publica
985 1071 1073 1130 habet

123 1168 268 1242 expedita,
285 1167 389 1242 quibus
404 1168 499 1224 subito
514 1168 624 1243 impetu
639 1187 673 1227 ac
694 1168 846 1227 latrocinio
863 1169 1072 1244 parricidarum

125 1265 247 1323 resistat.
290 1264 399 1341 Copias
413 1281 481 1322 vero
496 1275 610 1324 nostras
626 1274 711 1324 notas
726 1267 777 1324 tibi
797 1285 862 1325 esse
881 1267 1018 1324 arbitror:
1040 1267 1071 1326 in

126 1362 226 1419 castris
240 1362 313 1419 meis
327 1361 457 1436 legiones
472 1370 539 1419 sunt
550 1371 704 1420 veteranae
718 1371 784 1432 tres,
796 1363 922 1420 tironum
933 1361 978 1420 vel
990 1362 1071 1421 lucu·

125 1458 284 1517 lentissima
298 1477 335 1516 ex
349 1460 485 1516 omnibus
500 1477 575 1530 una;
595 1460 625 1517 in
644 1461 745 1519 castris
765 1460 846 1518 Bruti
865 1479 923 1518 una
937 1471 1072 1519 veterana

125 1557 210 1632 legio,
230 1557 319 1615 altera
338 1557 425 1626 bima,
443 1565 512 1614 octo
533 1559 676 1616 tironum:
698 1559 737 1616 ita
758 1560 908 1616 universus
928 1559 1071 1617 exercitus

125 1672 248 1713 numero
280 1653 475 1729 amplissimus
509 1664 561 1725 est,
588 1655 722 1713 firmitate
754 1656 891 1730 exiguus;
928 1665 1071 1731 quantum

125 1761 222 1809 autem
246 1751 277 1808 in
300 1751 362 1808 acie
386 1751 471 1808 tironi
496 1752 533 1809 sit
560 1753 811 1822 committendum,
832 1753 955 1810 nimium
983 1771 1071 1830 saepe

124 1858 277 1925 expertum
291 1848 441 1906 habemus.
484 1866 511 1919 4.
532 1849 582 1906 Ad
595 1848 652 1907 hoc
670 1850 758 1907 robur
775 1859 942 1908 nostrorum
961 1851 1070 1909 exerci-

123 1957 206 2005 tuum
235 1947 293 2004 sive
322 1945 475 2004 Africanus
503 1947 654 2018 exercitus,
675 1949 725 2023 qui
753 1957 797 2006 est
824 1959 985 2018 veteranus
1011 1949 1071 2006 sive

123 2042 258 2102 Caesaris
273 2044 449 2113 accessisset,
465 2061 559 2118 aequo
575 2046 673 2102 animo
688 2063 834 2103 summam
847 2064 909 2103 rem
923 2044 1070 2121 publicam

122 2141 154 2200 in
168 2141 323 2199 discrimen
338 2140 556 2199 deduceremus.
585 2141 744 2218 Aliquanto
758 2152 856 2201 autem
869 2145 989 2218 propius
1004 2161 1070 2202 esse

123 2237 204 2315 quod
223 2237 379 2296 Caesarem
398 2237 575 2310 videbamus,
590 2239 660 2296 nihil
680 2239 774 2298 destiti
795 2257 862 2297 eum
883 2240 981 2298 litteris
1002 2240 1069 2298 hor-

122 2335 186 2406 tari,
200 2353 295 2410 neque
316 2335 361 2391 ille
380 2335 532 2393 intermisit
549 2337 703 2396 adfirmare
720 2357 751 2396 se
773 2339 835 2396 sine
854 2356 938 2397 mora
952 2339 1048 2396 venire
1058 2354 1069 2410 ;

123 2450 191 2491 cum
214 2433 328 2489 interim
354 2451 484 2490 aversum
510 2432 591 2491 illurn
615 2437 651 2492 ab
675 2436 731 2494 hac
757 2436 933 2511 cogitatione
955 2436 993 2494 ad
1015 2436 1071 2495 alia

122 2529 244 2588 consilia
265 2529 350 2588 video
373 2548 404 2587 se
429 2531 594 2612 contulisse.
630 2532 696 2607 Ego
721 2544 819 2591 tamen
844 2534 882 2591 ad
907 2551 974 2592 eum
998 2533 1070 2591 Fur-

122 2627 205 2684 nium
233 2637 365 2683 nostrum
394 2644 462 2683 cum
489 2628 633 2687 mandatis
662 2630 819 2706 litterisque
847 2632 921 2701 misi,
946 2631 970 2688 si
999 2630 1071 2706 quid

123 2722 196 2782 sorte
225 2723 366 2798 proficere
396 2732 504 2798 posset.
555 2739 582 2798 5.
615 2725 678 2784 Scis
709 2736 749 2795 tu,
778 2728 818 2785 mi
849 2727 960 2798 Cicero
989 2726 1070 2803 quod

123 2821 162 2880 ad
186 2821 320 2880 Caesaris
348 2838 478 2878 amorem
506 2823 615 2894 attinet,
641 2825 809 2883 societatem
836 2825 906 2882 mihi
935 2843 999 2883 esse
1027 2836 1070 2884 te·

124 2936 209 2977 cum:
237 2918 282 2975 vel
307 2918 387 2994 quod
412 2918 441 2976 in
466 2919 655 2980 familiaritate
684 2922 818 2981 Caesaris
841 2923 906 2980 vivo
933 2923 982 2981 illo
1011 2924 1069 2983 iarn

124 3016 197 3074 tueri
222 3034 290 3073 eurn
312 3026 340 3073 et
366 3016 483 3091 diligere
506 3017 557 3075 suit
579 3020 649 3077 mihi
670 3038 806 3092 necesse;
828 3020 874 3078 vel
894 3019 974 3097 quod
998 3023 1068 3097 ipse,

125 3114 225 3188 quoad
256 3130 313 3186 ego
345 3131 433 3171 nosse
466 3116 556 3190 potui,
589 3117 811 3176 moderatissimi
846 3128 934 3193 atque
967 3119 1069 3178 hurna·

125 3209 238 3267 nissimi
266 3209 317 3267 suit
346 3228 463 3282 sensus;
493 3213 535 3269 vel
559 3214 638 3287 quod
661 3233 697 3272 ex
722 3224 781 3271 tarn
809 3216 916 3290 insigni
944 3219 1069 3276 amicitia

125 3326 193 3366 mea
212 3316 298 3382 atque
319 3306 450 3366 Caesaris
467 3308 545 3369 hunc
565 3311 614 3368 filii
633 3312 699 3370 loco
719 3321 748 3370 et
767 3312 841 3372 illius
862 3323 890 3372 et
911 3325 1005 3373 vestro
1026 3317 1070 3374 iu·

127 3405 204 3464 dicio
218 3405 403 3463 substitutum
417 3424 478 3464 non
493 3408 615 3484 proinde
634 3409 740 3469 habere
759 3421 841 3488 turpe
861 3413 932 3470 mihi
950 3414 1067 3474 videtur.
