2392 3848
110 222 155 287 xp.
170 208 228 295 aa]
297 222 411 279 srrsr.
432 226 482 277 AD
503 227 724 279 rxnrtmnss
745 231 803 280 xv.
829 230 878 301 15.
990 213 1051 298 185

109 380 140 431 at
166 382 245 433 certe
273 384 405 435 nostrum
432 376 570 436 iudicium
598 379 709 437 definiri
738 380 899 438 convenire.
946 376 1051 453 Neque

106 471 263 549 quisquam
277 472 353 533 hanc
371 484 501 534 nostram
520 478 692 535 sententiam
709 495 775 535 vere
794 493 934 553 umquam
951 493 1050 551 repre·

106 567 210 627 bendit
237 581 350 647 praeter
377 590 437 642 eos,
463 573 513 650 qui
540 574 713 632 arbitrantur
740 575 843 632 melius
871 592 935 633 esse
963 572 1051 631 deleri

106 666 232 726 omnino
251 685 314 726 rem
334 669 481 746 publicam
502 687 591 747 quam
612 671 795 728 imminutam
820 681 849 730 et
874 670 1050 728 debilitatam

106 782 243 824 manere:
264 783 321 842 ego
342 776 439 825 autem
459 785 495 824 ex
514 769 628 827 interitu
648 771 709 828 eius
722 770 831 827 nullam
845 787 928 843 spem
943 767 1051 826 scilicet

106 861 179 921 mihi
197 866 409 940 proponebam,
424 884 460 924 ex
478 867 604 943 reliquiis
618 885 766 943 magnam.
811 885 837 926 2.
860 865 919 924 Sed
932 883 968 924 ea
981 875 1049 923 sunt

106 971 274 1033 consecuta,
285 971 317 1020 ut
330 963 425 1040 magis
438 965 544 1022 mirum
558 967 594 1025 sit
608 966 738 1025 accidere
753 966 800 1022 illa
813 965 950 1042 potuisse,
961 980 1050 1039 quam

106 1074 162 1117 nos
183 1076 245 1117 non
269 1059 373 1120 vidisse
397 1080 433 1120 ea
457 1063 553 1123 sutura
577 1082 640 1135 nec,
659 1064 793 1122 homines
818 1080 886 1120 cum
910 1079 1049 1131 essemus,

105 1155 235 1216 divinare
262 1159 400 1235 potuisse.
445 1159 590 1239 Equidem
618 1162 709 1220 fateor
733 1179 830 1219 meam
854 1160 1050 1218 coniecturam

105 1253 184 1313 banc
203 1255 301 1330 fuisse,
319 1269 351 1316 ut
371 1259 420 1317 illo
439 1261 522 1335 quasi
541 1261 670 1337 quodam
692 1260 770 1318 fatali
791 1257 902 1336 proelio
923 1257 1000 1315 facto
1021 1266 1050 1314 et

105 1352 230 1413 victores
256 1358 405 1416 communi
434 1359 518 1417 saluti
546 1357 657 1417 consuli
684 1357 791 1416 vellent
818 1365 847 1414 et
869 1355 940 1414 victi
971 1372 1049 1425 suae,

105 1464 261 1529 utrumque
288 1466 384 1515 autem
412 1459 541 1534 positum
568 1476 632 1516 esse
660 1457 810 1515 arbitrarer
842 1454 873 1512 in
905 1453 1049 1513 celeritate

105 1550 238 1611 victoris:
273 1571 347 1629 quae
376 1555 400 1613 si
427 1554 537 1626 fuisset,
566 1555 689 1614 eandem
718 1553 902 1613 clementiam
930 1561 1049 1627 experta

105 1658 183 1709 esset
199 1649 305 1723 Africa,
321 1670 409 1728 quam
429 1653 567 1728 cognovit
587 1653 666 1724 Asia,
681 1670 770 1729 quam
784 1651 870 1708 etiam
884 1648 996 1707 Achaia
1009 1659 1047 1714 te,

105 1757 138 1807 ut
162 1748 277 1824 opinor,
299 1750 366 1826 ipso
390 1750 487 1827 legato
515 1770 550 1810 ac
578 1751 782 1829 deprecatore3
812 1747 925 1806 amissis
950 1756 1047 1805 autem

105 1846 293 1922 temporibus,
315 1864 391 1923 quae
414 1848 571 1924 plurimum
593 1848 697 1919 valent,
719 1847 887 1925 praesertim
912 1844 942 1902 in
965 1844 1048 1903 bellis

105 1943 244 2017 civilibus,
268 1945 453 2022 interpositus
478 1965 572 2006 annus
596 1947 668 2006 alios
695 1946 816 2015 induxit,
841 1953 872 2002 ut
899 1942 1048 2001 victoriam

105 2051 263 2118 sperarent,
284 2042 365 2115 alios,
386 2053 419 2102 ut
443 2045 540 2120 ipsum
566 2045 643 2103 vinci
671 2050 898 2102 contemnerent
950 2040 1047 2116 Atque

105 2140 211 2199 borum
231 2140 374 2200 malorum
396 2143 527 2200 omnium
548 2142 665 2218 culpam
685 2141 800 2200 fortuna
822 2140 956 2198 sustinet:
982 2139 1047 2217 quis

105 2238 185 2297 enim
213 2248 263 2296 aut
286 2238 476 2297 Alexandrini
504 2239 571 2298 belli
598 2250 708 2299 tantam
735 2258 849 2298 moram
877 2237 944 2296 huic
971 2235 1047 2295 bello

105 2336 273 2397 adiunctum
294 2337 327 2394 iri
347 2347 396 2395 aut
416 2339 517 2396 nescio
538 2356 627 2414 quem
647 2339 732 2397 istum
757 2337 935 2395 Pharnacem
958 2335 1046 2393 Asiae

105 2444 242 2495 terrorem
263 2435 406 2493 illaturum
430 2439 563 2512 putaret?
606 2457 633 2512 3.
658 2437 723 2497 Nos
747 2447 845 2495 tamen
870 2436 899 2493 in
925 2434 1048 2494 consilio

105 2533 168 2609 pari
183 2551 254 2593 casu
268 2534 396 2593 dissimili
411 2537 455 2594 usi
471 2554 587 2595 sumus:
602 2547 633 2594 tu
647 2536 725 2593 enim
739 2554 805 2594 eam
818 2543 931 2611 partem
942 2534 1047 2609 petisti,

104 2641 136 2690 ut
156 2641 186 2690 et
206 2632 334 2690 consiliis
354 2634 507 2692 interesses
528 2644 566 2705 et,
586 2634 665 2710 quod
689 2634 816 2692 maxime
841 2650 940 2691 curam
964 2632 1046 2701 levat,

105 2728 201 2789 lutura
228 2729 326 2787 animo
354 2731 521 2807 prospicere
549 2750 669 2807 posses:
695 2750 759 2809 eg0‚
781 2731 831 2808 qui
855 2729 994 2801 festinavi,
1015 2739 1047 2787 ut

105 2825 262 2887 Caesarem
286 2827 316 2883 in
344 2826 426 2886 Italia
453 2829 665 2888 viderem-sic
693 2831 771 2887 enim
799 2829 1048 2886 arbitrabamur—

105 2943 230 3002 cumque
250 2925 346 2985 multis
366 2925 576 2985 honestissimis
593 2927 660 2986 viris
681 2927 857 2986 conservatis
878 2926 1047 2984 redeuntem

104 3023 142 3082 ad
166 3040 272 3099 pacem
296 3032 467 3094 currentem,
488 3033 520 3081 ut
547 3025 634 3095 aiunt,
655 3026 814 3095 incitarem,
843 3024 880 3081 ab
908 3022 956 3079 illo
982 3022 1046 3080 lon-

105 3120 223 3199 gissime
238 3129 267 3178 et
280 3121 384 3179 absum
399 3131 428 3178 et
442 3121 508 3178 afui.
544 3121 654 3181 Versor
668 3133 764 3182 autem
780 3124 809 3179 in
824 3121 933 3198 gemitu
946 3120 1047 3179 Italiae

105 3217 177 3278 etin
187 3217 267 3274 urbis
281 3217 447 3276 miserrimis
463 3220 594 3293 querelis,
606 3221 710 3296 quibus
726 3220 834 3295 aliquid
849 3220 912 3294 opis
926 3217 1047 3277 sortasse

106 3335 160 3393 ego
185 3331 240 3391 pro
264 3332 340 3385 mea,
362 3324 393 3372 tu
416 3334 470 3391 pro
496 3325 553 3386 tua,
574 3335 628 3392 pro
650 3336 703 3376 sua
724 3318 846 3394 quisque
868 3326 948 3392 parte
971 3315 1046 3374 lerre

105 3414 254 3493 potuisset,
273 3411 299 3472 si
319 3422 418 3472 auctor
438 3412 583 3473 adfuisset
624 3431 654 3490 4.
675 3413 744 3487 Qua
763 3433 795 3474 re
816 3414 901 3474 velim
921 3431 976 3493 pro
997 3424 1047 3474 tua
