2392 3848
117 183 158 263 76
384 192 423 241 u.
449 192 567 240 rurrrr
588 190 777 240 cruruours
946 173 1015 268 [aas
1027 192 1057 242 11.

117 344 255 420 dignitate
275 353 324 402 aut
345 343 459 402 occulta
476 359 538 400 non
557 341 702 400 nullorum
721 341 789 399 odia
811 348 861 400 aut
882 341 1009 400 obscura
1029 341 1058 400 in

116 461 164 500 me
179 442 272 499 studia
287 443 458 512 cernebam;
480 458 549 498 nam
563 457 659 514 neque
673 439 710 496 de
724 439 921 498 monumentis
935 441 1010 498 meis
1023 441 1058 498 ab

117 541 151 597 iis
165 539 279 597 adiutus
293 557 333 609 es,
348 557 366 596 a
380 539 485 615 quibus
506 534 637 606 debuisti,
653 554 749 612 neque
769 537 805 594 de
824 537 852 594 vi
869 535 989 608 nefaria,
1005 555 1060 612 qua

117 636 291 696 cumfratre
312 654 391 694 eram
413 636 503 694 domo
525 633 683 710 expulsus3
715 653 809 711 neque
829 633 947 693 hercule
972 635 1004 692 in
1027 635 1060 692 iis

116 735 187 810 ipsis
218 735 312 804 rebus,
341 751 416 808 quae
444 750 623 808 quamquam
656 743 737 790 erant
766 732 837 790 mihi
868 743 988 808 propter
1022 732 1060 790 rei

117 831 262 890 familiaris
276 830 426 905 naufragia
440 831 628 900 necessariae,
643 839 742 887 tamen
756 848 774 887 a
787 848 835 888 me
849 831 964 888 minimi
978 841 1060 906 puta·

117 933 230 999 bantur,
244 929 274 986 in
295 930 368 986 meis
389 928 502 986 damnis
522 946 558 984 ex
577 927 745 984 auctoritate
767 935 883 986 senatus
904 927 1060 986 sarciendis

118 1045 183 1084 eam
197 1026 384 1094 voluntatem,
399 1043 487 1100 quam
502 1033 710 1099 exspectaram,
722 1025 931 1099 praestiterunt
976 1024 1060 1097 Quae

118 1143 186 1182 cum
207 1124 472 1198 viderem—neque
497 1131 578 1179 erant
605 1123 779 1195 obscura—,
799 1139 861 1183 non
882 1132 981 1180 tamen
1002 1132 1060 1180 tam

119 1223 223 1280 acerba
239 1221 309 1278 mihi
328 1221 401 1278 haec
415 1219 593 1290 accidebant,
608 1237 695 1294 quam
713 1229 793 1278 erant
813 1219 862 1278 illa
879 1229 971 1296 grata,
987 1238 1060 1296 quae

119 1320 253 1378 fecerant.
296 1321 324 1376 6.
347 1318 449 1393 Itaque
464 1334 640 1393 quamquam
654 1327 683 1374 et
697 1316 839 1392 Pompeio
853 1318 1018 1392 plurimum,
1033 1327 1060 1375 te

119 1417 237 1494 quidem
258 1416 323 1492 ipso
344 1416 541 1492 praedicatore
560 1433 595 1473 ac
616 1424 696 1485 teste,
712 1415 854 1473 debebam
873 1424 903 1472 et
918 1433 987 1473 eum
1000 1432 1060 1472 nou

120 1517 214 1574 solum
239 1514 391 1584 benefici0,
414 1513 465 1571 sed
487 1530 586 1571 amore
607 1513 693 1570 etiam
715 1522 744 1570 et
770 1520 912 1588 perpetuo
932 1513 1060 1588 quodam

120 1610 226 1668 iudicio
255 1626 323 1666 meo
349 1608 513 1682 diligebam,
535 1615 633 1663 tamen
660 1624 720 1663 non
749 1611 903 1681 reputans,
916 1607 987 1682 quid
1014 1606 1059 1665 ille

119 1709 211 1778 vellet,
226 1707 256 1765 in
277 1705 413 1764 omnibus
434 1705 507 1762 meis
528 1703 677 1761 sententiis
698 1703 735 1761 de
756 1722 786 1761 re
805 1704 920 1779 publica
933 1705 1060 1780 pristinis

120 1806 334 1883 permanebam.
392 1817 417 1878 7.
440 1801 507 1877 Ego
540 1801 659 1859 sedente
690 1799 743 1859 Cn
766 1800 908 1876 Pompeio
936 1821 1011 1860 cum‘
1031 1812 1062 1860 ut

120 1904 249 1961 laudaret
262 1903 294 1961 P.
311 1901 434 1960 Sestium
454 1899 600 1957 introisset
619 1899 649 1955 in
665 1901 776 1969 urbem,
791 1899 966 1976 dixissetque
982 1901 1061 1959 testis

120 2001 254 2059 Vatinius
275 2018 323 2057 me
342 1999 458 2057 fortuna
478 2006 507 2054 et
527 1996 660 2055 felicitate
682 1996 716 2056 C.
732 1995 863 2054 Caesaris
880 2008 1061 2056 commotum

120 2099 158 2156 illi
177 2100 304 2156 amicum
323 2116 386 2155 esse
406 2096 546 2170 coepisse,
562 2095 621 2153 dixi
641 2114 770 2153 mecam
791 2095 885 2152 Bibuli
906 2095 1061 2168 fortunam,

120 2214 209 2272 quam
230 2196 276 2253 ille
298 2194 444 2252 adflictam
465 2202 585 2268 putaret,
601 2195 732 2250 omnium
754 2193 905 2269 triumphis
924 2196 1062 2254 victoriis-

121 2312 178 2370 que
203 2292 360 2363 anteferre3
393 2291 509 2365 dixique
532 2291 637 2348 eodem
659 2301 731 2348 teste
755 2291 811 2348 alio
838 2291 915 2362 locu,
940 2294 1061 2353 eosdem

121 2410 194 2462 esse,
215 2392 265 2467 qui
289 2390 425 2448 Bibulum
446 2388 523 2446 exire
546 2391 635 2448 domo
659 2389 873 2465 prohibuissent
893 2400 922 2448 et
942 2391 993 2467 qui
1014 2410 1061 2452 me

122 2490 302 2565 co‘e‘gissent:
333 2498 393 2546 tota
413 2508 481 2548 vero
502 2489 688 2562 interrogatio
710 2506 776 2545 mea
796 2488 866 2545 nihil
888 2487 988 2547 habuit
1008 2492 1063 2550 nisi

122 2586 377 2663 reprehensionem
390 2588 464 2646 illius
479 2588 653 2656 tribunatus;
676 2586 706 2642 in
721 2603 779 2661 qua
793 2587 892 2643 omnia
906 2587 983 2646 dicta
998 2598 1063 2647 sunt

121 2688 250 2746 libertate
271 2684 427 2761 animoque
448 2687 577 2744 maximo
596 2683 632 2740 de
651 2683 687 2753 vi,
702 2684 739 2741 de
758 2684 902 2758 auspiciis,
917 2685 954 2743 de
972 2686 1063 2745 dona·

122 2785 202 2843 tione
216 2799 383 2857 regnorum.
425 2785 452 2842 8.
474 2781 580 2857 Neque
594 2798 662 2838 vero
677 2780 731 2838 hac
746 2781 776 2837 in
790 2798 878 2839 causa
896 2783 997 2854 modo,
1013 2785 1064 2842 sed

124 2890 288 2942 constanter
316 2898 405 2956 saepe
432 2881 462 2938 in
491 2889 608 2937 senatu:
638 2879 817 2953 quinetiam
842 2878 1013 2940 Marcellino
1036 2893 1064 2940 et

123 2980 258 3056 Philippo
287 2978 454 3037 consulibus
483 2977 578 3036 Nonis
606 2977 753 3052 Aprilibus
778 2977 848 3034 mihi
875 2987 919 3036 est
946 2991 1064 3039 senatus

124 3077 273 3148 adsensus,
295 3087 326 3134 ut
347 3076 384 3133 de
404 3094 475 3152 agro
498 3074 649 3150 Campano
671 3074 813 3148 frequenti
841 3088 942 3135 senatu
964 3077 1064 3137 Idibus

125 3175 212 3233 Maiis
226 3173 382 3233 referretur.
425 3173 505 3232 Num
519 3173 600 3249 potui
614 3172 707 3248 magis
722 3173 752 3229 in
763 3191 859 3231 arcem
873 3175 946 3233 illius
961 3195 1065 3235 causae

126 3271 260 3330 invadere
280 3283 329 3330 aut
349 3273 443 3348 magis
464 3271 592 3330 oblivisci
615 3280 778 3346 temporum
799 3289 941 3344 meorum,
962 3275 1065 3332 memi-

125 3371 202 3429 nisse
216 3371 384 3430 actionum?
406 3371 461 3430 hac
475 3389 493 3429 a
506 3389 554 3429 me
569 3370 710 3429 sententia
723 3369 798 3428 dicta
815 3388 939 3446 magnus
953 3375 1065 3433 animo·
