2392 3848
120 216 166 281 ap.
182 202 237 289 aa]
326 215 439 268 uersu.
462 215 512 264 nu
535 216 657 281 qurnr.
680 217 786 266 urar.
809 219 847 270 η.
870 224 900 290 3.
1021 203 1061 266 61

122 390 189 432 rum
209 370 399 431 offenderem.
442 371 501 432 Res
525 373 556 430 in
577 383 725 450 posterum
739 373 834 529 §ssata
859 384 902 432 est
913 393 921 445 ;
943 373 1065 432 Clodius

122 470 154 527 in
165 469 325 543 Quirinalia
338 469 464 546 prodixit
478 471 563 529 diem.
579 490 627 550 ,3.
649 471 684 530 A.
697 472 724 530 d.
769 517 775 530 .
791 472 833 530 Id.
849 472 931 530 Febr.
948 482 1065 530 senatus

122 567 162 625 ad
190 567 335 644 Apollinis
363 568 423 638 fuit,
451 579 482 626 ut
505 569 663 645 Pompeius
689 569 811 627 adesset.
855 569 929 628 Acta
951 589 997 628 res
1022 582 1065 628 est

122 665 283 742 gravitera
303 666 454 742 Pompeio
495 665 542 724 Eo
563 667 609 724 die
630 667 699 724 nihil
716 667 876 743 perlectum
897 677 948 726 est.
990 668 1025 726 A.
1038 668 1066 726 d.

77 764 152 831 ἢν.
172 763 217 822 Id.
235 763 318 823 Febr.
339 763 377 821 ad
398 763 541 839 Apollinis
558 775 675 823 senatus
696 766 860 823 consultum
879 767 988 824 factum
1013 776 1065 838 est,

122 879 169 931 ea,
190 880 266 939 quae
293 861 370 920 facta
397 872 495 920 essent
520 880 545 920 a.
563 861 591 921 d.
619 825 660 922 v}
682 863 726 921 Id.
753 863 847 933 Febr,
875 875 977 922 contra
1004 883 1066 922 rem

121 960 271 1037 publicam
298 978 363 1019 esse
390 959 475 1020 facta.
515 959 562 1018 Eo
591 961 636 1019 die
665 959 739 1019 Cato
763 961 948 1020 vehementer
972 962 1067 1020 estin

123 1057 299 1135 Pompeium
320 1058 449 1116 invectus
470 1067 500 1116 et
520 1076 587 1116 eum
607 1059 738 1116 oratione
759 1069 897 1134 perpetua
918 1068 1066 1135 tamquam

122 1174 208 1215 reum
221 1156 382 1228 accusavit;
404 1155 440 1214 de
457 1174 505 1214 me
522 1155 612 1214 multa
626 1175 673 1213 me
688 1157 777 1215 invito
792 1175 859 1215 eum
873 1175 939 1215 mea
953 1174 1067 1215 summa

121 1253 211 1313 laude
228 1253 314 1312 dixit:
335 1271 403 1312 cum
417 1252 491 1311 illius
504 1253 535 1310 in
546 1272 593 1311 me
608 1253 758 1329 perfidiam
773 1254 940 1330 increparet,
953 1256 1067 1314 auditus

121 1361 169 1411 est
181 1368 292 1427 magno
307 1350 420 1409 silentio
435 1349 651 1410 malevolorum.
693 1351 858 1428 Respondit
871 1354 898 1410 ei
911 1353 1066 1410 vehemen-

121 1460 168 1508 ter
188 1448 345 1525 Pompeius
367 1447 562 1523 Crassumque
584 1449 743 1525 descripsit,
765 1450 894 1526 dixitque
915 1461 1013 1526 aperte
1036 1469 1067 1509 se

121 1546 310 1605 munitiorem
338 1545 375 1603 ad
402 1547 623 1605 custodiendam
650 1548 739 1606 vitam
770 1567 852 1607 suam
880 1548 951 1622 fore,
979 1566 1066 1624 quam

122 1644 277 1703 Africanus
290 1643 401 1715 fuisset,
416 1662 503 1720 quem
519 1643 552 1704 C.
568 1643 665 1703 Carbo
680 1647 879 1704 interemisset.
916 1664 943 1717 4.
965 1646 1067 1722 Itaque

121 1760 250 1818 magnae
269 1741 339 1799 mihi
354 1760 400 1800 res
413 1743 471 1799 iarn
487 1743 596 1800 moveri
610 1743 798 1801 videbantur:
820 1762 888 1801 narn
911 1744 1066 1819 Pompeius

122 1838 197 1898 haec
217 1838 355 1914 intellegit
375 1840 587 1915 nobiscumque
616 1842 818 1913 communicat,
848 1840 967 1900 insidias
993 1843 1067 1900 vitae

121 1955 194 1997 suae
213 1936 284 2007 fieri,
303 1936 336 1997 C.
352 1936 496 1996 Catonem
516 1956 534 1994 a
554 1937 660 1996 Crasso
681 1939 839 2010 sustentari,
856 1937 961 1997 Clodio
980 1958 1067 2014 pecu·

120 2034 203 2093 niam
234 2035 603 2110 suppeditarilutrumque
631 2047 659 2094 et
687 2037 724 2093 ab
752 2054 788 2094 eo
817 2043 847 2094 et
882 2055 900 2095 a
930 2030 1079 2113 Curione}

122 2131 231 2191 Bibulo
258 2133 418 2208 ceterisque
441 2133 499 2190 suis
520 2134 759 2192 obtrectatoribus
788 2135 960 2205 confirmari,
982 2135 1067 2193 vehe-

121 2238 237 2289 menter
257 2247 322 2288 esse
342 2229 554 2305 providendum
568 2249 605 2289 ne
620 2231 800 2307 opprimatur
816 2233 998 2291 contionario
1020 2234 1068 2291 illo

122 2326 236 2404 populo
247 2345 266 2384 a
280 2344 311 2385 se
324 2345 417 2403 prope
431 2327 566 2398 alienam,
580 2328 728 2387 nobilitate
743 2330 869 2400 inimica,
889 2349 951 2388 non
972 2349 1067 2406 aequo

121 2435 236 2495 senatu,
251 2425 395 2483 iuventute
414 2427 557 2501 improba.
598 2425 700 2502 Itaque
717 2445 747 2483 se
762 2438 920 2502 comparat,
935 2428 1068 2486 homines

121 2540 161 2583 ex
181 2522 260 2597 agris
277 2522 413 2594 arcessit3
434 2540 539 2598 operas
559 2534 656 2581 autem
676 2542 742 2582 suas
758 2523 879 2583 Clodius
898 2526 1067 2585 confirmat:

121 2637 230 2679 manus
248 2619 286 2677 ad
300 2618 462 2690 Quirinalia
481 2631 597 2696 paratur
608 2641 617 2693 3
639 2622 669 2678 in
690 2639 727 2679 eo
749 2622 840 2680 multo
862 2641 962 2681 sumus
982 2641 1068 2698 supe-

121 2716 215 2775 riores
229 2716 319 2792 ipsius
333 2717 443 2794 copiis;
466 2728 495 2776 et
513 2736 622 2793 magna
635 2736 741 2776 manus
755 2738 791 2776 ex
806 2720 914 2778 Piceno
929 2731 958 2778 et
973 2721 1068 2778 Gallia

122 2823 317 2890 exspectatur,
336 2824 369 2873 ut
389 2814 475 2872 etiam
496 2813 617 2874 Catonis
638 2817 837 2892 rogationibus
857 2818 893 2876 de
907 2817 1018 2877 Milone
1039 2829 1069 2877 et

122 2908 251 2971 Lentulo
271 2911 444 2970 resistamus.
488 2927 514 2986 5.
531 2913 566 2971 A.
582 2914 609 2972 d.
629 2882 681 2972 ridi.
703 2914 773 2972 Idus
794 2915 879 2974 Febr.
901 2915 1010 2974 Sestius
1031 2918 1068 2974 ab

122 3006 220 3067 indice
236 3007 290 3077 Cn.
305 3007 395 3068 Nerio
411 3010 534 3085 Pupinia
548 3012 673 3070 ambitus
687 3023 730 3070 est
745 3013 906 3087 postulatus
920 3024 949 3071 et
963 3014 1069 3073 eodem

122 3106 173 3167 die
189 3122 209 3165 a
227 3107 358 3182 quodam
380 3107 423 3165 M.
440 3108 538 3166 Tullio
559 3110 595 3166 de
614 3109 649 3167 vi.
693 3110 723 3169 Is
742 3122 802 3169 erat
822 3129 924 3186 aeger:
947 3112 1068 3172 domum

122 3214 157 3265 nt
183 3204 348 3276 debuimus,
377 3206 415 3265 ad
442 3225 509 3265 eum
531 3208 628 3264 statim
648 3210 780 3266 venimus
802 3209 886 3284 eique
907 3228 962 3268 nos
990 3220 1069 3269 totos

124 3302 307 3373 tradidimus,
330 3303 417 3380 idque
441 3303 562 3363 fecimus
583 3315 695 3382 praeter
716 3306 868 3364 hominum
890 3307 1068 3384 opinionem,

123 3400 176 3479 qui
201 3418 260 3461 nos
287 3400 315 3461 ei
342 3401 402 3461 iure
430 3420 600 3462 succensere
628 3405 777 3480 putabant,
810 3414 842 3462 ut
868 3404 1069 3466 humanissimi
