2392 3848
58 204 103 269 ep„
117 188 191 275 5⁶.]'
261 202 374 253 arrsn
395 201 446 250 an
466 201 633 252 eumcum
654 203 733 253 vrrr.
761 208 809 256 11.
942 208 999 270 141

56 352 153 413 natori
170 370 272 413 cursus
291 353 445 424 secundus,
460 353 575 411 medico
593 351 678 422 salus,
693 352 858 429 imperatori
876 352 1001 423 victoria,

56 452 98 511 sic
122 450 193 511 huic
216 451 391 511 moderatori
412 451 454 511 rei
473 451 605 526 publicae
626 452 712 509 beata
733 451 837 508 civium
858 449 915 508 vita
935 468 1003 527 pro·

56 548 155 627 posita
173 558 224 620 est,
239 558 271 607 ut
289 550 395 626 opibus
415 549 505 618 firma,
522 549 613 623 copiis
632 547 769 624 locuples,
787 546 877 622 gloria
897 548 1003 622 ampla,

55 646 161 705 virtute
188 646 311 705 honesta
339 647 392 718 sit;
429 645 513 704 huius
542 646 620 704 enim
647 646 743 721 operis
778 644 897 703 maximi
930 646 1004 702 inter

56 742 195 803 homines
216 752 302 820 atque
322 744 423 819 optimi
443 743 523 801 illum
547 761 611 801 esse
636 742 827 818 perfectorem
851 740 932 801 volo?
977 764 1002 802 a.

57 839 131 899 Hoc
153 839 273 901 Gnaeus
295 850 394 900 noster
417 858 485 900 cum
509 850 595 899 antea
619 858 788 916 numquam,
810 848 873 897 tum
898 840 928 896 in
949 841 1004 900 hac

58 954 149 997 eausa
172 938 291 997 minime
312 938 466 1014 cogitavit:
490 937 649 997 dominatio
671 938 802 1013 quaesita
822 938 859 995 ab
880 946 1004 1013 utroque

59 1046 105 1097 est
128 1053 192 1095 non
205 1036 235 1094 id
248 1045 353 1105 actum,
368 1036 454 1094 beata
467 1044 495 1092 et
509 1035 632 1093 honesta
646 1035 743 1093 civitas
762 1044 794 1092 ut
813 1044 898 1093 esset.
940 1035 1005 1095 Nec

59 1150 131 1192 vero
151 1133 199 1193 ille
215 1133 318 1191 urbem
337 1132 458 1207 reliquit,
474 1133 555 1208 quod
572 1151 637 1191 earn
655 1133 727 1190 tueri
742 1149 803 1190 non
822 1144 930 1208 posset,
950 1152 1005 1190 nec

60 1228 186 1301 Italiam,
208 1230 288 1305 quod
310 1248 345 1288 ea
367 1229 526 1305 pelleretur,
548 1231 600 1288 sed
624 1230 680 1288 hoc
703 1248 720 1288 a
744 1230 839 1306 primo
864 1230 1004 1304 cogitavit,

60 1344 168 1387 omnes
188 1335 287 1398 terras,
308 1328 408 1385 omnia
431 1328 522 1385 maria
546 1345 671 1398 movere,
692 1346 777 1402 reges
802 1328 940 1385 barbaros
961 1327 1004 1383 in-

60 1426 159 1495 citare,
173 1436 277 1501 gentes
291 1424 365 1483 feras
379 1435 504 1482 armatas
519 1425 548 1481 in
563 1423 677 1483 Italiam
696 1425 849 1495 adducere,
865 1426 1006 1483 exercitus

61 1524 208 1585 conficere
221 1522 373 1580 maximos.
410 1521 511 1580 Genus
526 1521 596 1580 illud
610 1521 719 1580 Sullani
733 1523 815 1597 regni
826 1522 883 1580 iarn
894 1523 1007 1598 pridem

61 1619 216 1697 appetitur,
234 1620 340 1690 multis,
354 1620 404 1695 qui
424 1638 484 1678 una
505 1630 581 1690 sunt,
602 1620 793 1695 cupientibus.
834 1620 883 1676 An
905 1638 1007 1679 censes

62 1717 135 1777 nihil
148 1718 288 1775 intereos
302 1716 464 1788 convenire,
480 1716 590 1776 nullam
604 1718 770 1792 pactionem
785 1717 845 1774 fieri
859 1717 1008 1792 potuisse?

62 1816 153 1875 hodie
164 1824 280 1892 potest3
295 1814 348 1873 sed
362 1815 456 1872 neutri
465 1817 562 1872 σκοπὸς
576 1826 619 1873 est
633 1814 688 1885 ille,
697 1823 729 1871 ut
744 1831 798 1872 nos
812 1815 888 1871 beati
904 1816 1006 1873 simus:

62 1924 186 1990 uterque
209 1929 330 1988 regnare
353 1911 420 1969 volt.
470 1932 497 1986 3.
526 1911 610 1971 Haec
634 1931 651 1970 a
675 1922 703 1970 te
728 1913 862 1971 invitatus
887 1913 1008 1971 breviter

63 2010 189 2088 exposui
199 2030 208 2083 ;
229 2008 344 2068 voluisti
363 2009 442 2067 enim
463 2026 519 2079 me,
542 2009 612 2084 quid
633 2011 669 2069 de
690 2010 734 2068 his
755 2010 839 2069 malis
863 2010 1008 2078 sentirem,

63 2108 227 2171 ostendere.
268 2108 438 2180 Προθεσπίζω
452 2107 544 2182 igitur,
558 2117 655 2165 noster
670 2107 772 2178 Attice,
784 2127 844 2166 non
855 2108 1007 2178 hariolans,

63 2218 98 2266 ut
111 2206 168 2276 illa,
180 2204 227 2263 cui
240 2220 329 2261 nemo
345 2203 472 2273 credidit,
488 2204 538 2261 sed
553 2205 717 2262 coniectura
730 2206 927 2281 prospiciens:

358 2308 449 2370 iamque
466 2309 524 2355 mari
540 2324 643 2373 magno.
657 2345 702 2360 ...

65 2409 140 2471 Non
173 2407 273 2479 multo,
302 2407 431 2483 inquam,
459 2425 542 2466 secus
575 2427 697 2484 possum
730 2410 896 2484 vaticinari3
931 2421 1010 2470 tanta

63 2507 211 2569 malorum
232 2505 381 2580 impendet
393 2505 480 2562 Ἰλιάε.
523 2506 619 2581 Atque
640 2507 697 2566 hoc
716 2518 816 2567 nostra
834 2510 948 2584 gravior
967 2520 1011 2567 est

64 2623 163 2674 causa,
178 2603 228 2679 qui
242 2603 323 2660 domi
338 2620 446 2673 sumus
458 2621 547 2679 quarn
562 2604 684 2677 illorum,
694 2607 743 2681 qui
758 2625 816 2665 una
829 2608 1009 2676 transierunt,

64 2704 149 2783 quod
163 2702 202 2760 illi
215 2700 337 2759 alterum
351 2711 492 2771 metuunt,
507 2720 562 2760 nos
581 2715 744 2780 utrumque.
788 2725 814 2776 4.
837 2704 896 2763 Cur
917 2706 1009 2780 igitur,

64 2800 173 2877 inquis,
184 2798 395 2856 remansimus?
414 2799 458 2856 vel
473 2801 523 2858 tibi
539 2802 686 2876 paruimus
700 2802 745 2860 vel
759 2820 820 2860 non
833 2802 1011 2859 occurrimus

64 2896 113 2957 vel
126 2896 184 2955 hoc
198 2895 250 2954 fuit
263 2896 375 2954 rectius.
412 2894 593 2968 Conculcari,
604 2899 732 2975 inquam,
748 2900 883 2958 miseram
897 2899 1011 2956 Italiam

64 2996 178 3055 videbis
199 2993 333 3069 proxima
353 3003 461 3052 aestate
474 2999 492 3060 †
507 3006 555 3054 aut
575 2996 724 3071 utriusque
748 2998 778 3053 in
802 2997 952 3071 mancipiis
974 3013 1011 3054 ex

65 3093 150 3153 omni
163 3109 269 3166 genere
285 3089 420 3160 collectis,
434 3109 489 3149 nec
508 3101 567 3150 tam
581 3094 754 3169 proscriptio
773 3093 1010 3168 pertimescenda,

65 3209 142 3270 quae
155 3188 294 3250 Luceriae
308 3188 404 3246 multis
426 3190 608 3247 sermonibus
631 3191 798 3248 denuntiata
817 3208 881 3248 esse
901 3190 1011 3260 dicitur,

66 3304 159 3365 quam
176 3288 196 3351 't
213 3285 376 3345 universam
397 3286 541 3344 interitus:
563 3296 657 3345 tantas
681 3287 711 3344 in
733 3286 920 3362 confligendo
944 3288 1011 3345 utri-

66 3401 162 3463 usque
183 3382 258 3442 vires
283 3381 368 3441 video
392 3381 509 3442 suturas.
552 3383 656 3444 Habes
679 3385 874 3444 coniecturam
898 3402 1009 3456 meam;
