2498 3840
279 185 318 252 26
543 201 581 250 nr.
608 199 725 250 aaran
747 200 934 251 nicanorus
959 202 962 207 ·
1116 184 1186 272 [nri
1201 200 1219 250 r.

277 356 364 415 Nunc
384 368 483 415 tamen
504 359 574 434 petit
593 359 694 416 iterurn
716 359 757 417 rei
779 359 913 435 publicae
939 374 1034 419 causa.
1076 357 1220 418 Lucceius

276 454 347 529 quid
374 467 449 530 agat,
474 457 598 514 scribam
628 456 665 514 ad
698 466 734 527 te,
764 476 830 515 cum
854 457 1012 516 Caesarem
1036 458 1145 528 videro,
1171 459 1220 535 qui

277 553 368 610 aderit
389 553 486 610 bidu0.
534 573 577 611 10.
601 553 692 625 Quod
715 553 841 630 Sicyonii
863 565 891 612 te
912 555 1039 625 laedunt,
1062 555 1170 614 Catoni
1191 567 1220 612 et

276 650 338 708 eius
353 650 520 708 aemulatori
534 651 670 710 attribues
686 651 811 710 Servilio.
845 651 947 722 Quid?
969 671 1003 711 ea
1016 652 1105 728 plaga
1120 668 1220 711 nonne

276 747 316 805 ad
345 748 452 806 multos
486 750 582 807 bonos
609 750 685 807 viros
718 747 861 824 pertinet?
897 750 957 820 sed,
986 751 1009 807 si
1036 749 1076 807 ita
1103 750 1219 826 placuit,

276 845 442 916 laudemus;
476 846 580 904 deinde
607 847 637 903 in
666 847 891 905 discessionibus
923 846 977 905 soli
1005 846 1202 921 relinquamur
1212 831 1248 904 1¹¹²

277 943 430 1001 Amalthea
449 961 515 1000 mea
529 952 557 1000 te
572 954 720 1019 exspectat
739 954 767 1002 et
782 926 895 1019 ffidiget
912 946 961 1002 tui.
1007 960 1052 1001 11.
1075 943 1219 1003 Tuscula·

276 1058 347 1098 num
367 1049 395 1098 et
416 1040 624 1115 Pompeianum
643 1041 725 1099 valde
746 1060 794 1099 me
814 1041 966 1112 delectant,
988 1042 1043 1100 nisi
1061 1043 1143 1118 quod
1162 1062 1219 1113 me,

276 1140 356 1197 illum
370 1140 465 1214 ipsum
480 1139 623 1196 vindicem
638 1140 711 1197 aeris
726 1141 818 1209 alieni,
834 1159 899 1198 aere
914 1159 975 1198 non
991 1140 1152 1211 Corinthio,
1169 1138 1219 1199 sed

275 1237 333 1295 hoc
355 1235 584 1295 circumforaneo
606 1237 770 1297 obruerunt.
811 1236 847 1294 In
869 1237 962 1295 Gallia
982 1255 1134 1314 speramus
1154 1255 1219 1296 esse

277 1335 374 1392 otium
418 1333 609 1408 Prognostica
637 1353 703 1391 mea
731 1353 798 1392 cum
827 1336 1014 1395 oratiunculis
1046 1334 1218 1413 propediem

277 1441 431 1508 exspecta;
454 1443 482 1488 et
503 1442 608 1501 tamen,
629 1432 699 1507 quid
718 1433 828 1506 cogites
849 1433 885 1490 de
904 1433 1029 1491 adventu
1047 1443 1106 1504 tu0‚
1125 1435 1219 1492 scribe

277 1530 315 1588 ad
340 1548 411 1588 nos:
433 1546 502 1587 narn
525 1531 595 1586 mihi
619 1528 783 1604 Pomponia
807 1530 931 1587 nuntiari
952 1531 1040 1600 iussit,
1063 1541 1091 1588 te
1116 1550 1219 1590 mense

278 1627 398 1700 Quintili
420 1627 534 1684 Romae
555 1627 632 1697 fore;
655 1627 684 1683 id
708 1645 725 1683 a
748 1628 802 1684 tuis
824 1626 931 1699 litteris,
954 1647 1027 1703 quas
1048 1629 1086 1687 ad
1111 1649 1159 1689 me
1183 1631 1219 1688 de

278 1743 368 1783 censu
396 1735 446 1783 tuo
475 1725 602 1792 miseras,
626 1724 815 1799 discrepabat.
863 1743 907 1782 12.
936 1724 1049 1795 Paetus,
1078 1737 1110 1785 ut
1135 1738 1220 1785 antea

278 1823 315 1882 ad
336 1835 364 1882 te
385 1824 494 1899 scripsi,
516 1842 619 1881 omnes
641 1823 737 1892 libros,
758 1841 832 1900 quos
854 1823 938 1881 irater
960 1842 1029 1882 suus
1049 1825 1219 1900 reliquisset,

278 1922 348 1979 mihi
363 1922 489 1980 donavit.
531 1921 600 1979 Hoc
614 1921 687 1979 illius
701 1939 807 1979 munus
822 1923 851 1978 in
867 1932 915 1979 tua
930 1922 1076 1997 diligentia
1090 1924 1220 1996 positum

279 2026 339 2075 est:
362 2017 385 2073 si
407 2035 454 2073 me
471 2034 561 2085 amas,
579 2034 648 2074 cura
668 2025 700 2072 ut
720 2026 927 2073 conserventur
948 2027 976 2072 et
997 2017 1034 2073 ad
1055 2034 1102 2073 me
1124 2016 1219 2091 perfe-

278 2124 389 2185 rantur;
408 2114 465 2171 hoc
479 2114 549 2170 mihi
564 2112 633 2170 nihil
647 2123 743 2188 potest
757 2131 820 2171 esse
835 2114 951 2187 gratius,
961 2124 989 2171 et
1003 2131 1069 2171 cum
1078 2111 1220 2183 Graecos

280 2223 340 2270 turn
361 2227 429 2268 vero
449 2210 600 2285 diligenter
613 2209 734 2268 Latinos
754 2221 787 2268 ut
808 2228 961 2268 conserves
982 2209 1076 2269 velim.
1119 2209 1220 2268 Tuum

280 2327 343 2366 esse
358 2307 415 2365 hoc
430 2307 634 2365 munusculum
650 2308 768 2381 putabo.
796 2306 844 2365 Ad
854 2308 1006 2366 Octavium
1017 2305 1083 2363 dedi
1094 2306 1220 2379 litteras;

280 2425 347 2465 cum
362 2407 426 2481 ipso
441 2405 510 2461 nihil
524 2424 602 2462 eram
617 2404 747 2462 locutus:
769 2422 864 2478 neque
879 2406 957 2462 enirn
971 2407 1025 2462 ista
1038 2415 1088 2462 tua
1102 2406 1222 2484 negotia

281 2503 464 2581 provincialia
485 2521 549 2560 esse
570 2503 718 2577 putabam,
734 2519 829 2576 neque
850 2509 878 2558 te
899 2501 930 2557 in
952 2500 1156 2562 tocullionibus
1171 2503 1229 2562 ha-

279 2603 404 2673 bebam;
427 2600 479 2658 sed
500 2600 609 2675 scripsi,
631 2609 661 2656 ut
681 2598 777 2668 debui,
799 2597 958 2673 diligenter.

499 2768 544 2824 10.
589 2763 646 2822 An
668 2761 995 2825 naamitarum.
1156 2710 1222 2892 E

324 2880 390 2941 Sca.
412 2900 442 2939 ru
464 2880 618 2940 Foaurnno
639 2897 766 2938 maurus
787 2896 881 2937 Mansa
903 2879 988 2939 Mmo
1009 2897 1092 2941 nuc.
1115 2883 1181 2958 695.

593 3002 695 3045 cicano
716 3003 823 3044 arrico
844 3004 905 3044 sin.

323 3121 347 3161 1.
377 3101 500 3160 Camro
522 3100 592 3157 mihi
617 3110 646 3159 et
674 3101 731 3157 iam
755 3099 921 3158 dormitanti
946 3101 1036 3177 pridie
1062 3099 1101 3160 K.
1127 3100 1222 3161 Maias

280 3199 401 3276 epistola
415 3209 459 3258 est
473 3199 519 3256 illa
533 3198 652 3269 reddita,
671 3199 700 3255 in
720 3215 779 3272 qua
798 3197 834 3255 de
851 3216 923 3273 agro
938 3197 1091 3274 Campano
1113 3200 1223 3257 scribis.

282 3297 361 3369 Quid
384 3297 517 3371 quaeris?
546 3297 641 3372 primo
663 3297 701 3353 ita
722 3313 769 3353 me
790 3297 920 3372 pupugit,
942 3305 974 3354 ut
995 3314 1132 3354 somnum
1153 3295 1225 3353 mihi

280 3391 427 3460 ademerit,
463 3391 515 3449 sed
549 3391 579 3448 id
614 3391 789 3465 cogitatione
818 3390 912 3464 magis
948 3408 1036 3467 quam
1071 3390 1223 3463 molestia;
