2392 3848
119 184 161 269 98
398 196 437 252 u.
462 199 581 248 ruaarr
602 197 792 248 cressonis
951 180 1056 266 [neu

119 349 305 409 referretur
325 367 343 408 a
364 351 576 422 consulibus,
591 349 649 428 qui
669 365 787 409 eorum
807 347 843 407 in
864 367 924 411 ccc.
944 347 1060 409 iudici·

118 449 183 506 bus
197 457 321 516 essent,
336 465 396 506 eos
413 448 585 507 adducere
603 447 734 507 liceret
776 446 811 505 Si
825 446 910 523 quid
924 446 967 506 de
980 464 1062 506 eare

120 544 161 604 ad
175 544 341 620 populum
355 544 533 621 plebemve
547 544 617 604 lato
632 562 719 621 opus
732 553 832 615 esset,
843 543 895 604 uti
910 542 982 603 Ser.
997 542 1063 602 Sul·

119 643 231 719 picius
258 641 301 699 M.
324 641 511 700 Marcellus
539 660 635 713 coss,
659 651 838 718 praetores
864 641 1064 718 tribunique

120 739 172 816 pl,
187 739 311 814 quibus
325 755 442 798 eorum
455 739 636 811 videretur,
651 739 693 798 ad
707 740 874 816 populum
885 739 1066 816 plebemve

120 837 267 895 ferrent:
299 835 390 912 quod
408 839 443 894 si
459 837 482 894 ii
502 855 572 896 non
593 838 764 908 tulissent,
782 837 841 907 uti,
860 837 1067 913 quicumque

121 934 288 1008 deinceps
316 943 441 1005 essent,
463 934 505 992 ad
532 935 698 1012 populum
725 934 905 1010 plebemve
928 933 1066 993 ferrent.

121 1031 140 1090 i.
155 1050 184 1090 n.

164 1131 191 1188 6.
213 1128 264 1186 Pr.
288 1125 363 1186 Kal.
389 1128 562 1189 Octobres
588 1130 623 1187 in
650 1128 735 1189 aede
762 1129 939 1206 Apollinis
968 1131 1067 1190 scrib.

122 1224 307 1287 adfuerunt
329 1227 363 1284 L.
384 1227 557 1284 Domitius
581 1226 640 1285 Cn.
662 1227 681 1286 f.
702 1227 780 1287 Fab.
803 1227 1068 1295 Ahenobarbus,

123 1323 161 1395 Q.
184 1323 354 1383 Caecilius
376 1323 413 1395 Q.
435 1323 454 1383 l'.
474 1324 554 1382 Fau.
583 1323 745 1385 Metellus
773 1325 854 1384 Pius
880 1324 1011 1401 Scipio,
1035 1323 1067 1382 L

123 1418 250 1477 Villius
279 1419 312 1478 L.
347 1421 366 1480 l.
396 1420 487 1478 Pom.
517 1420 663 1480 Annalis
692 1419 726 1480 C.
756 1420 946 1498 Septimius
979 1421 1018 1480 T.
1049 1418 1068 1478 f.

124 1516 281 1588 Quirina,
309 1518 342 1577 C.
365 1518 527 1576 Lucilius
552 1517 585 1577 C.
595 1517 629 1592 fi
651 1517 735 1594 Pup.
754 1517 900 1596 Hirrus,
924 1517 959 1578 C.
981 1518 1068 1578 Scri·

123 1615 249 1672 bonius
269 1614 303 1674 C.
317 1615 336 1673 f.
352 1616 432 1692 Pop.
447 1614 560 1686 Curia,
581 1615 614 1674 L.
629 1617 752 1676 Ateius
772 1616 806 1675 1.
824 1616 842 1675 l.
857 1617 919 1675 An.
934 1615 1067 1692 Capito,

123 1711 166 1771 M.
189 1711 322 1789 Eppius
347 1712 389 1772 M.
412 1713 432 1772 f.
460 1712 633 1772 Teretina.
685 1712 787 1785 Quod
814 1713 857 1773 M.
879 1713 1068 1772 Marcellus

123 1828 191 1869 cos.
209 1829 235 1869 v.
253 1810 272 1869 f.
291 1811 331 1868 de
351 1811 550 1887 provinciis,
569 1811 597 1868 d.
612 1830 636 1869 e.
651 1829 673 1870 r.
687 1811 704 1870 i.
720 1830 754 1883 c,
774 1822 932 1871 senatum
951 1811 1068 1870 existi·

124 1927 216 1967 mare
235 1909 406 1967 neminem
426 1926 552 1978 eorum,
573 1909 630 1984 qui
650 1918 858 1984 potestatem
876 1909 1006 1968 habent
1023 1911 1068 1968 in·

124 2006 333 2075 tercedendi‚
353 2005 576 2081 impediendi,
595 2023 725 2064 moram
745 2005 879 2065 adferre
897 2018 1068 2083 oportere,

124 2122 193 2182 quo
217 2104 329 2161 minus
354 2104 395 2162 de
421 2122 443 2161 r.
467 2121 494 2178 p.
520 2121 549 2178 p.
575 2102 611 2161 R.
636 2102 675 2175 Q.
700 2103 742 2162 ad
766 2115 925 2163 senatum
949 2103 1069 2164 referri

124 2202 306 2276 senatique
324 2200 519 2259 consultum
539 2200 617 2258 lieri
635 2201 767 2276 possit:
788 2201 845 2277 qui
863 2201 1068 2276 impedierit,

125 2297 350 2376 prohibuerit,
366 2316 441 2355 eum
461 2308 617 2356 senatum
636 2298 836 2357 existimare
857 2309 980 2357 contra
1001 2317 1069 2358 rem

125 2396 298 2474 publicam
318 2395 452 2454 fecisse.
495 2395 529 2453 Si
549 2395 625 2470 quis
644 2393 724 2453 huic
743 2413 766 2454 s.
781 2413 807 2455 c.
823 2396 1069 2469 intercesserit,

125 2495 262 2556 senatui
279 2494 416 2571 placere
436 2494 678 2553 auctoritatem
697 2491 867 2568 perscribi
882 2501 914 2550 et
928 2493 970 2551 de
984 2512 1024 2552 ea
1037 2512 1070 2552 rc

126 2594 168 2653 ad
188 2603 343 2651 senatum
363 2593 597 2668 populumque
616 2589 744 2647 referri.
787 2587 877 2646 Huic
890 2606 912 2647 s.
927 2607 953 2648 c.
967 2590 1070 2650 inter·

127 2692 233 2751 cessit
261 2690 295 2749 C.
320 2690 466 2760 Caelius,
495 2689 529 2748 L.
558 2687 727 2756 Vinicius,
756 2685 788 2745 P.
813 2683 1010 2760 Cornelius,
1037 2687 1070 2747 C

126 2789 250 2847 Vibius
265 2790 384 2858 Pansa,
399 2789 531 2846 tribuni
535 2788 582 2862 pl.

170 2902 197 2963 7.
218 2887 305 2946 Item
324 2886 458 2945 senatui
478 2886 616 2962 placere
635 2883 676 2941 de
695 2882 871 2952 militibus,
888 2879 946 2957 qui
965 2881 999 2940 in
1019 2902 1070 2942 ex-

128 2989 237 3049 ercitu
271 2984 306 3045 C.
337 2983 495 3042 Caesaris
530 2991 623 3041 sunt:
659 2982 716 3057 qui
748 2997 865 3037 eorum
897 2980 1072 3056 stipendia

128 3088 270 3149 emerita
291 3093 347 3143 aut
372 3099 502 3150 causas,
525 3080 650 3154 quibus
672 3079 712 3136 de
740 3076 853 3135 causis
877 3076 975 3136 missi
995 3078 1071 3137 lieri

127 3188 285 3254 debeant,
314 3182 472 3248 habeant,
500 3179 542 3236 ad
573 3177 666 3235 hunc
694 3174 850 3233 ordinem
877 3174 1010 3247 referri,
1037 3187 1072 3236 ut

128 3301 246 3343 eorum
273 3281 362 3339 ratio
390 3279 556 3336 habeatur
582 3291 779 3349 causaeque
803 3284 1072 3348 cognoscantur.

129 3382 165 3444 Si
189 3380 265 3457 quis
289 3377 367 3436 huic
388 3395 410 3435 s.
432 3394 457 3436 c.
482 3372 748 3433 intercessisset.
775 3371 910 3432 senatui
935 3371 1072 3448 placere

1105 44 1110 101 l
