2392 3848
120 213 163 274 40
312 223 330 258 μ
394 208 431 259 M.
454 208 571 256 rurrn
593 208 780 258 ercnnours
960 197 1055 280 [rarat

120 364 317 440 Theopompo
331 366 475 436 mandavi,
486 385 553 424 cum
567 385 663 425 essem
677 366 843 425 admonitus
858 367 895 425 ab
909 367 983 442 ipso,
994 367 1060 424 vide

120 480 171 536 per
187 461 321 520 homines
341 475 472 520 amantes
492 465 541 532 tui,
556 463 637 538 quod
656 475 699 521 est
713 462 805 533 facile,
819 473 851 521 ut
865 463 937 521 haec
951 482 1060 538 genera

120 558 255 615 tollantur
275 558 469 634 epistolarum,
487 561 612 634 primum
632 560 804 636 iniquarum,
820 560 924 619 deinde
944 570 1061 618 contra·

120 655 237 725 riarum,
251 664 313 713 tum
327 657 450 714 absurde
465 666 494 713 et
512 657 648 716 inusitate
668 659 848 734 scriptarum,
862 667 1013 733 postremo
1031 660 1061 715 in

119 752 245 827 aliquem
268 753 552 811 contumeliosarum.
593 755 691 831 Atque
715 772 771 830 ego
800 753 871 812 haec
899 764 958 812 tarn
987 773 1060 825 esse,

119 867 207 924 quam
231 850 327 918 audio,
349 869 411 908 non
434 859 513 925 put0‚
539 862 576 921 et,
597 851 620 909 si
643 862 709 910 sunt
737 852 976 926 occupationibus
1005 853 1060 910 tuis

119 947 215 1005 minus
236 948 443 1018 animadversa,
458 967 537 1006 nunc
553 950 685 1024 perspice
703 959 732 1006 et
751 967 852 1025 purga.
894 947 967 1023 Legi
984 949 1060 1023 epis·

119 1043 217 1115 tolam,
232 1062 319 1119 quam
338 1047 400 1120 ipse
421 1046 568 1119 scripsisse
589 1045 667 1103 Sulla
686 1046 886 1104 nomenclator
900 1045 995 1104 dictus
1009 1055 1061 1117 est,

120 1160 181 1199 non
205 1143 403 1218 probandam3
433 1143 489 1218 legi
518 1161 578 1201 non
606 1144 699 1201 nullas
727 1145 888 1202 iracundas.
934 1162 978 1201 10.
1003 1144 1061 1202 Sed

120 1247 250 1313 tempore
267 1239 332 1314 ipso
352 1240 388 1297 de
408 1239 552 1315 epistolis:
574 1259 643 1297 nam
662 1259 729 1298 cum
749 1241 825 1298 hanc
843 1242 980 1315 paginam
1000 1250 1063 1300 ten·

119 1355 206 1405 erem,
225 1336 258 1394 L.
280 1336 401 1408 Flavius,
419 1347 533 1413 praetor
552 1337 730 1412 designatus,
746 1338 785 1396 ad
802 1356 850 1395 me
869 1339 954 1406 venit,
968 1338 1062 1398 homo

119 1433 190 1490 mihi
208 1433 292 1492 valde
313 1433 468 1492 familiaris.
511 1435 542 1492 Is
563 1434 642 1506 mihi,
661 1445 690 1492 te
711 1436 749 1493 ad
770 1446 972 1510 procuratores
993 1454 1063 1495 suos

119 1531 227 1589 litteras
242 1532 364 1601 misisse,
377 1550 451 1606 quae
466 1531 536 1589 mihi
552 1533 628 1591 visae
643 1541 710 1591 sunt
724 1532 928 1608 iniquissimae,
939 1551 977 1590 ne
991 1534 1062 1610 quid

121 1630 267 1700 debonis,
282 1647 356 1705 quae
364 1629 405 1686 -L.
421 1629 533 1688 Octavii
548 1629 676 1688 Nasonis
691 1630 818 1700 luissent,
834 1631 880 1688 cui
897 1630 932 1689 L.
946 1630 1062 1689 Flavius

120 1726 203 1783 heres
217 1736 268 1793 est,
283 1726 483 1784 deminuerent
497 1738 572 1797 ante,
589 1746 676 1803 quarn
692 1726 725 1786 C.
738 1727 891 1785 Fundanio
906 1728 1062 1803 pecuniam

116 1822 288 1895 ;solvissent;
313 1823 441 1899 itemque
468 1826 583 1883 misisse
611 1826 649 1883 ad
677 1825 932 1900 Apollonidenses,
959 1843 996 1882 ne
1025 1825 1061 1883 de

120 1920 214 1990 boniS,
237 1938 312 1995 quae
336 1920 450 1979 Octavii
474 1920 604 1992 luissent,
630 1922 758 1979 deminui
783 1931 949 1996 paterentur
973 1922 1060 1996 prius,

120 2035 207 2092 quam
222 2017 375 2075 Fundanio
391 2017 519 2074 debitum
537 2018 663 2075 solutum
683 2028 768 2076 esset.
811 2016 895 2075 Haec
914 2016 984 2074 mihi
1002 2019 1061 2076 ven'

121 2114 223 2170 similia
247 2131 308 2172 non
333 2114 480 2186 videntur;
507 2125 574 2172 sunt
594 2116 672 2172 enim
693 2114 877 2190 aprudentia
896 2122 946 2170 tua
966 2132 1061 2172 remo-

119 2211 238 2269 tissima.
282 2211 346 2269 ‘Ne
363 2212 509 2269 deminuat
524 2211 644 2270 heresi'
683 2211 763 2283 Quid
779 2212 801 2268 si
817 2211 969 2269 infitiatur?
991 2212 1061 2287 quid

120 2308 144 2365 si
158 2307 279 2365 omnino
294 2325 356 2365 non
371 2308 476 2366 debet?
491 2310 580 2385 quid?
594 2319 709 2383 praetor
723 2308 795 2366 solet
807 2309 930 2366 iudicare
941 2308 1060 2367 deberi?

117 2403 219 2475 Quid?
240 2422 296 2479 ego
311 2404 463 2462 Fundanio
481 2424 542 2463 non
557 2407 664 2481 cupio?
685 2424 745 2463 non
765 2407 875 2463 amicus
894 2408 979 2464 sum?
999 2424 1060 2464 non

119 2502 313 2559 misericordia
336 2504 475 2561 moveor?
511 2502 608 2560 Nemo
633 2504 743 2577 magis;
768 2502 820 2560 sed
840 2503 882 2560 vis
907 2503 975 2561 iuris
999 2505 1061 2562 eius

118 2599 198 2656 modi
220 2610 265 2657 est
286 2601 459 2674 quibusdam
481 2602 511 2657 in
536 2603 630 2671 rebus,
653 2614 684 2658 ut
708 2601 778 2657 nihil
803 2601 839 2658 sit
861 2600 918 2657 loci
942 2602 1060 2674 gratiae.

119 2697 216 2771 Atque
237 2697 276 2754 ita
297 2697 367 2753 mihi
389 2697 502 2755 dicebat
527 2698 640 2756 Flavius
662 2699 801 2773 seriptum
822 2699 853 2755 in
875 2715 910 2755 ea
931 2699 1060 2773 epistola,

118 2813 206 2869 quam
221 2805 301 2852 tuam
316 2813 380 2852 esse
403 2795 525 2866 dicebat,
540 2807 568 2854 te
588 2806 637 2853 aut
657 2797 740 2871 quasi
759 2796 860 2854 amicis
878 2795 935 2853 tuis
954 2795 1061 2870 gratias

118 2903 249 2950 acturum
271 2903 320 2950 aut
341 2895 423 2967 quasi
444 2894 568 2950 inimicis
590 2893 777 2951 incommoda
797 2892 969 2952 adlaturum.
1014 2910 1060 2952 11.

118 2989 198 3060 Quid
226 2989 336 3047 multa?
377 2989 500 3047 Ferebat
527 2992 657 3065 graviter,
681 3002 710 3048 et
734 2989 920 3048 vehementer
943 3008 1061 3049 mecum

117 3088 289 3161 querebatur
306 3087 471 3162 orabatque,
486 3098 517 3144 ut
536 3087 573 3144 ad
593 3098 621 3144 te
641 3105 729 3162 quam
751 3086 970 3162 diligentissime
990 3088 1060 3145 scri-

117 3185 233 3242 berem:
255 3185 337 3260 quod
356 3184 431 3241 saeio
451 3194 479 3241 et
497 3195 524 3241 te
539 3202 657 3258 prorsus
672 3184 857 3241 vehementer
870 3184 957 3242 etiam
972 3195 1060 3261 atque

118 3281 205 3337 etiam
225 3299 305 3356 rogo,
321 3290 352 3338 ut
374 3291 403 3339 et
421 3281 656 3355 procuratoribus
671 3280 760 3338 Flavii
774 3281 901 3338 remittas
916 3281 952 3339 de
967 3282 1059 3341 demi-

116 3377 234 3435 nuendo
263 3388 291 3436 et
318 3377 597 3454 Apollonidensibus
625 3396 663 3436 ne
691 3377 761 3453 quid
785 3379 956 3453 perscribas
978 3381 1059 3456 quod
