2498 3840
127 201 176 303 38·
401 215 440 264 nr.
464 215 584 265 runnu
605 217 793 266 eternorum
968 201 1066 294 [ner.

127 372 264 431 comitate
285 373 454 449 complexus
475 393 548 445 sum,
569 373 789 451 Nymphontem
810 375 897 435 etiam
918 374 1067 453 Colopho-

127 472 225 529 nium:
246 490 321 547 quae
340 471 394 530 leci
411 474 519 542 omnia,
534 491 595 531 non
612 491 671 548 quo
691 492 738 532 me
759 483 808 531 aut
825 474 854 531 hi
871 473 1006 534 homines
1021 484 1071 534 aut

126 578 188 626 tota
199 571 278 627 natio
289 570 647 646 delectaret—pertaesum
658 581 702 629 est
712 571 840 644 levitatis,
852 572 1068 644 adsentationis

126 667 292 724 animorum
310 685 372 724 non
392 667 502 737 officiis,
517 667 569 725 sed
587 668 766 744 temporibus
786 668 1021 740 servientium—,
1042 687 1069 742 5.

127 763 187 833 sed,
200 774 232 821 ut
246 763 284 821 ad
299 764 420 822 Zeuxim
434 773 567 834 revertar,
577 783 643 823 cum
654 765 679 822 is
690 764 726 823 de
737 764 779 822 M.
790 764 922 825 Cascellii
934 784 1071 825 sermone

128 878 227 919 secum
247 861 356 932 habito,
371 880 446 937 quae
465 871 496 919 tu
517 863 627 933 scribiS,
647 880 682 920 ea
702 864 765 938 ipsa
785 862 957 939 loqueretur,
972 865 1071 923 obstiti

127 959 189 1017 eius
205 961 332 1017 sermoni
350 969 378 1017 et
396 959 546 1018 hominem
566 960 596 1017 in
615 959 836 1019 familiaritatem
854 963 960 1038 recepi.
1003 960 1070 1021 Tua

125 1067 222 1116 autem
248 1076 323 1133 quae
347 1057 432 1116 fuerit
457 1059 598 1133 cupiditas
623 1067 712 1130 tanta,
733 1061 841 1130 nescio,
863 1060 944 1136 quod
968 1062 1069 1121 scribis

125 1156 241 1231 cupisse
262 1167 300 1225 te,
322 1155 461 1230 quoniam
483 1155 624 1231 Smyrnae
649 1156 722 1214 duos
747 1155 850 1232 Mysos
876 1158 1015 1217 insuisses
1039 1160 1069 1218 in

125 1253 247 1323 culeum,
263 1252 355 1310 simile
369 1253 399 1310 in
414 1253 562 1328 superiore
578 1264 659 1330 parte
676 1254 843 1328 provinciae
863 1255 949 1313 edere
970 1273 1068 1315 exem·

125 1352 207 1428 plum
239 1351 394 1409 severitatis
422 1360 488 1408 tuae
515 1359 544 1408 et
571 1351 679 1408 idcirco
709 1350 830 1409 Zeuxim
858 1352 960 1411 elicere
987 1355 1068 1413 omni

124 1446 237 1503 ratione
262 1444 395 1514 voluisse,
419 1461 505 1519 quem
534 1444 692 1502 adductum
719 1445 750 1502 in
777 1445 915 1504 iudicium
943 1447 1067 1508 fortasse

125 1542 230 1600 dimitti
246 1559 306 1599 non
321 1551 496 1616 oportuerat,
511 1541 641 1616 conquiri
656 1559 724 1598 vero
739 1552 768 1599 et
787 1542 849 1599 elici
868 1542 1022 1616 blanditiis,
1036 1555 1067 1603 ut

60 1684 74 1701 -.
125 1652 157 1700 tu
177 1641 285 1711 scribis
302 1640 338 1698 ad
360 1639 497 1716 iudicium
519 1657 639 1696 necesse
657 1656 719 1696 non
734 1638 796 1710 fuit,
810 1658 878 1699 eum
896 1645 1065 1717 praesertim

60 1732 81 1789 '-
125 1739 284 1808 hominem,
298 1756 387 1813 quem
406 1755 463 1812 ego
483 1747 564 1794 etex
583 1737 642 1794 suis
662 1736 771 1794 civibus
790 1747 819 1795 et
837 1757 873 1796 ex
892 1739 989 1798 multis
1007 1741 1068 1801 aliis

124 1837 256 1913 quotidie
279 1836 372 1911 magis
396 1852 546 1910 cognosco
569 1834 742 1892 nobiliorem
765 1853 830 1893 esse
857 1854 950 1912 prope
978 1857 1067 1914 quarn

126 1936 270 1994 civitatem
294 1951 386 1991 suam.
435 1935 462 1991 6.
485 1933 541 1989 ‘At
562 1932 642 1990 enim
667 1932 787 1991 Graecis
812 1934 881 1993 solis
909 1935 1066 2012 indulgeo!

126 2032 226 2106 Quid?
247 2031 281 2090 L.
303 2031 461 2090 Caecilium
481 2049 580 2088 nonne
598 2031 678 2088 omni
696 2032 808 2090 ratione
827 2032 957 2108 placavi?
978 2053 1068 2110 quem

123 2131 292 2189 homineml
316 2148 374 2205 qua
395 2131 452 2186 ira?
476 2146 535 2203 quo
557 2128 674 2203 spiritui
700 2147 788 2204 quem
809 2128 934 2206 denique
955 2141 1068 2207 praeter

125 2229 313 2298 Tuscenium,
329 2226 409 2284 cuius
429 2245 516 2284 causa
534 2225 628 2283 sanari
645 2242 706 2282 non
724 2235 828 2302 potest,
842 2245 904 2284 non
918 2229 1065 2305 mitigavi?

124 2327 204 2386 Ecce
228 2345 316 2402 supra
345 2334 432 2402 eaput
456 2326 546 2383 homo
575 2324 644 2382 levis
667 2343 701 2382 ac
727 2324 867 2395 sordidus,
889 2327 943 2384 sed
966 2337 1065 2387 tamen

125 2425 252 2501 equestri
273 2443 371 2494 censu,
394 2422 549 2481 Catienus:
571 2422 658 2478 etiam
679 2422 704 2480 is
724 2421 844 2483 lenietur
851 2443 859 2495 ;
881 2425 962 2482 cuius
984 2435 1016 2484 tu
1036 2427 1067 2484 in

124 2535 237 2600 patrem
252 2522 333 2597 quod
348 2522 424 2579 suisti
439 2521 575 2595 asperior,
590 2538 652 2577 non
670 2520 851 2595 reprehendo
860 2541 868 2592 ;
889 2533 969 2580 certo
988 2525 1067 2584 enim

125 2623 187 2681 scio
202 2630 231 2678 te
246 2620 347 2678 fecisse
363 2638 429 2677 cum
450 2635 553 2688 causa;
577 2617 629 2674 sed
648 2617 719 2692 quid
737 2635 812 2693 opus
831 2618 884 2676 fuit
902 2621 965 2678 eius
985 2622 1067 2681 modi

122 2719 230 2789 litteris
246 2736 319 2793 quas
334 2717 371 2776 ad
385 2718 481 2792 ipsum
496 2715 617 2773 misisti?
655 2714 757 2773 ‘Illum
771 2734 886 2774 crucem
901 2717 956 2775 sibi
969 2718 1066 2794 ipsum

123 2818 308 2884 constituere,
321 2834 357 2873 ex
370 2824 469 2891 quatu
482 2832 548 2870 eum
563 2824 630 2871 ante
644 2812 833 2885 detraxisses;
849 2823 877 2872 te
891 2825 1065 2887 curaturum,

122 2917 205 2974 fumo
227 2925 259 2973 ut
281 2914 505 2982 combureretur,
520 2911 675 2986 plaudente
696 2920 758 2969 tota
777 2912 942 2985 provincia:
985 2912 1067 2985 Quid

123 3032 191 3072 vero
221 3013 258 3071 ad
287 3011 320 3071 C.
343 3010 465 3068 Fabium
494 3010 592 3067 nescio
618 3027 705 3084 quem
713 3010 835 3067 ?-nam
859 3028 925 3068 eam
947 3029 1066 3087 quoque

124 3111 276 3187 epistolam
297 3110 333 3168 T.
352 3108 490 3168 Catienus
509 3108 762 3182 circumgestat-‘
771 3107 926 3166 renuntiari
943 3108 995 3168 tibi
1016 3109 1066 3168 Li·

121 3209 232 3268 ›cinium
247 3208 418 3284 plagiarium
433 3224 500 3264 cum
516 3223 568 3264 suo
583 3204 663 3281 pullo
678 3205 796 3262 miluino
811 3205 917 3264 tributa
930 3205 1065 3282 exigere?

124 3306 239 3364 Deinde
274 3323 360 3380 rogas
393 3304 525 3373 Fabium,
554 3311 586 3361 ut
613 3312 642 3360 et
669 3311 782 3378 patrem
808 3312 838 3360 et
865 3303 956 3361 filiurn
985 3305 1066 3365 vivos

124 3405 286 3471 comburat,
309 3403 332 3460 si
354 3402 464 3478 possit;
489 3401 513 3458 si
534 3399 640 3470 minus,
663 3399 702 3459 ad
723 3409 752 3458 te
772 3399 874 3471 mittat,
894 3401 937 3459 uti
958 3401 1066 3463 iudicio
