<?xml version="1.0" encoding="UTF-8"?>
<!DOCTYPE html PUBLIC "-//W3C//DTD XHTML 1.0 Transitional//EN"
    "http://www.w3.org/TR/xhtml1/DTD/xhtml1-transitional.dtd">
<html xmlns="http://www.w3.org/1999/xhtml" xml:lang="en" lang="en">
 <head>
  <title>
</title>
<meta http-equiv="Content-Type" content="text/html;charset=utf-8" />
  <meta name='ocr-system' content='tesseract 3.04.00' />
  <meta name='ocr-capabilities' content='ocr_page ocr_carea ocr_par ocr_line ocrx_word'/>
</head>
<body>
  <div class='ocr_page' id='page_1' title='image "./epistolaeselect00cicegoog/epistolaeselect00cicegoog_0110.png"; bbox 0 0 2392 3848; ppageno 0'>
   <div class='ocr_carea' id='block_1_1' title="bbox 141 106 1082 194">
    <p class='ocr_par' dir='ltr' id='par_1_1' title="bbox 141 106 1082 194">
     <span class='ocr_line' id='line_1_1' title="bbox 141 106 1082 194; baseline -0.009 -19"><span class='ocrx_word' id='word_1_1' title='bbox 141 128 185 194; x_wconf 87' lang='lat'>94</span> <span class='ocrx_word' id='word_1_2' title='bbox 414 123 452 173; x_wconf 83' lang='lat' dir='ltr'>nr.</span> <span class='ocrx_word' id='word_1_3' title='bbox 479 123 600 172; x_wconf 82' lang='lat' dir='ltr'>rumrr</span> <span class='ocrx_word' id='word_1_4' title='bbox 621 120 810 172; x_wconf 79' lang='lat' dir='ltr'>crcaaoms</span> <span class='ocrx_word' id='word_1_5' title='bbox 970 106 1040 191; x_wconf 68' lang='lat' dir='ltr'>[rm</span> <span class='ocrx_word' id='word_1_6' title='bbox 1051 118 1082 167; x_wconf 89' lang='lat'>11.</span> 
     </span>
    </p>
   </div>
   <div class='ocr_carea' id='block_1_2' title="bbox 142 271 1093 3375">
    <p class='ocr_par' dir='ltr' id='par_1_2' title="bbox 142 271 1093 3375">
     <span class='ocr_line' id='line_1_2' title="bbox 143 271 1085 348; baseline -0.007 -17"><span class='ocrx_word' id='word_1_7' title='bbox 143 272 241 331; x_wconf 90' lang='lat' dir='ltr'>Cruris</span> <span class='ocrx_word' id='word_1_8' title='bbox 267 273 372 348; x_wconf 89' lang='lat' dir='ltr'>repulsi</span> <span class='ocrx_word' id='word_1_9' title='bbox 399 274 507 332; x_wconf 91' lang='lat' dir='ltr'>voltum</span> <span class='ocrx_word' id='word_1_10' title='bbox 531 291 592 330; x_wconf 91' lang='lat' dir='ltr'>non</span> <span class='ocrx_word' id='word_1_11' title='bbox 615 272 727 330; x_wconf 90' lang='lat' dir='ltr'>vidisse.</span> <span class='ocrx_word' id='word_1_12' title='bbox 769 271 808 329; x_wconf 88' lang='lat' dir='ltr'>At</span> <span class='ocrx_word' id='word_1_13' title='bbox 833 287 892 345; x_wconf 86' lang='lat' dir='ltr'>qua</span> <span class='ocrx_word' id='word_1_14' title='bbox 916 285 979 345; x_wconf 89' lang='lat' dir='ltr'>spe,</span> <span class='ocrx_word' id='word_1_15' title='bbox 1003 283 1085 343; x_wconf 89' lang='lat' dir='ltr'>quam</span> 
     </span>
     <span class='ocr_line' id='line_1_3' title="bbox 143 364 1086 446; baseline -0.006 -19"><span class='ocrx_word' id='word_1_16' title='bbox 143 381 221 427; x_wconf 88' lang='lat' dir='ltr'>certa</span> <span class='ocrx_word' id='word_1_17' title='bbox 243 372 380 445; x_wconf 92' lang='lat' dir='ltr'>opinione</span> <span class='ocrx_word' id='word_1_18' title='bbox 403 369 607 430; x_wconf 83' lang='lat' dir='ltr'>descenderat!</span> <span class='ocrx_word' id='word_1_19' title='bbox 634 387 723 446; x_wconf 90' lang='lat' dir='ltr'>quam</span> <span class='ocrx_word' id='word_1_20' title='bbox 743 367 808 444; x_wconf 91' lang='lat' dir='ltr'>ipso</span> <span class='ocrx_word' id='word_1_21' title='bbox 831 366 981 424; x_wconf 88' lang='lat' dir='ltr'>diffidente</span> <span class='ocrx_word' id='word_1_22' title='bbox 1001 364 1086 422; x_wconf 89' lang='lat' dir='ltr'>Dola·</span> 
     </span>
     <span class='ocr_line' id='line_1_4' title="bbox 142 462 1085 540; baseline -0.004 -16"><span class='ocrx_word' id='word_1_23' title='bbox 142 468 234 525; x_wconf 91' lang='lat' dir='ltr'>bellal</span> <span class='ocrx_word' id='word_1_24' title='bbox 263 477 291 525; x_wconf 90' lang='lat' dir='ltr'>et</span> <span class='ocrx_word' id='word_1_25' title='bbox 313 467 452 538; x_wconf 90' lang='lat' dir='ltr'>hercules,</span> <span class='ocrx_word' id='word_1_26' title='bbox 477 468 531 525; x_wconf 92' lang='lat' dir='ltr'>nisi</span> <span class='ocrx_word' id='word_1_27' title='bbox 552 467 643 524; x_wconf 90' lang='lat' dir='ltr'>nostri</span> <span class='ocrx_word' id='word_1_28' title='bbox 668 465 779 540; x_wconf 86' lang='lat' dir='ltr'>equites</span> <span class='ocrx_word' id='word_1_29' title='bbox 803 463 917 522; x_wconf 88' lang='lat' dir='ltr'>acutius</span> <span class='ocrx_word' id='word_1_30' title='bbox 941 462 1085 532; x_wconf 83' lang='lat' dir='ltr'>vidissent,</span> 
     </span>
     <span class='ocr_line' id='line_1_5' title="bbox 144 559 1086 639; baseline -0.004 -18"><span class='ocrx_word' id='word_1_31' title='bbox 144 582 236 639; x_wconf 91' lang='lat' dir='ltr'>paene</span> <span class='ocrx_word' id='word_1_32' title='bbox 269 565 449 623; x_wconf 90' lang='lat' dir='ltr'>concedente</span> <span class='ocrx_word' id='word_1_33' title='bbox 483 565 645 622; x_wconf 86' lang='lat' dir='ltr'>adversario</span> <span class='ocrx_word' id='word_1_34' title='bbox 679 572 851 638; x_wconf 88' lang='lat' dir='ltr'>superasset.</span> <span class='ocrx_word' id='word_1_35' title='bbox 904 580 930 620; x_wconf 85' lang='lat'>2.</span> <span class='ocrx_word' id='word_1_36' title='bbox 950 559 1030 618; x_wconf 90' lang='lat' dir='ltr'>Illud</span> <span class='ocrx_word' id='word_1_37' title='bbox 1059 568 1086 617; x_wconf 92' lang='lat' dir='ltr'>te</span> 
     </span>
     <span class='ocr_line' id='line_1_6' title="bbox 143 657 1087 734; baseline -0.004 -17"><span class='ocrx_word' id='word_1_38' title='bbox 143 679 205 719; x_wconf 91' lang='lat' dir='ltr'>non</span> <span class='ocrx_word' id='word_1_39' title='bbox 233 662 354 719; x_wconf 85' lang='lat' dir='ltr'>arbitror</span> <span class='ocrx_word' id='word_1_40' title='bbox 376 662 518 731; x_wconf 87' lang='lat' dir='ltr'>miratum,</span> <span class='ocrx_word' id='word_1_41' title='bbox 544 660 707 731; x_wconf 87' lang='lat' dir='ltr'>Servaeum,</span> <span class='ocrx_word' id='word_1_42' title='bbox 730 658 914 734; x_wconf 84' lang='lat' dir='ltr'>designatum</span> <span class='ocrx_word' id='word_1_43' title='bbox 941 657 1087 715; x_wconf 91' lang='lat' dir='ltr'>tribunum</span> 
     </span>
     <span class='ocr_line' id='line_1_7' title="bbox 144 753 1088 836; baseline -0.004 -20"><span class='ocrx_word' id='word_1_44' title='bbox 144 759 191 836; x_wconf 89' lang='lat' dir='ltr'>pl.,</span> <span class='ocrx_word' id='word_1_45' title='bbox 210 759 447 828; x_wconf 91' lang='lat' dir='ltr'>condemnatum,</span> <span class='ocrx_word' id='word_1_46' title='bbox 466 761 495 816; x_wconf 81' lang='lat' dir='ltr'>in</span> <span class='ocrx_word' id='word_1_47' title='bbox 513 759 594 817; x_wconf 91' lang='lat' dir='ltr'>cuius</span> <span class='ocrx_word' id='word_1_48' title='bbox 612 758 711 816; x_wconf 91' lang='lat' dir='ltr'>locum</span> <span class='ocrx_word' id='word_1_49' title='bbox 728 755 762 814; x_wconf 90' lang='lat' dir='ltr'>C.</span> <span class='ocrx_word' id='word_1_50' title='bbox 778 754 867 814; x_wconf 90' lang='lat' dir='ltr'>Curio</span> <span class='ocrx_word' id='word_1_51' title='bbox 887 754 969 831; x_wconf 90' lang='lat' dir='ltr'>petit.</span> <span class='ocrx_word' id='word_1_52' title='bbox 1014 753 1088 813; x_wconf 92' lang='lat' dir='ltr'>Sane</span> 
     </span>
     <span class='ocr_line' id='line_1_8' title="bbox 145 852 1088 936; baseline -0.006 -20"><span class='ocrx_word' id='word_1_53' title='bbox 145 877 233 936; x_wconf 90' lang='lat' dir='ltr'>quam</span> <span class='ocrx_word' id='word_1_54' title='bbox 262 858 362 915; x_wconf 86' lang='lat' dir='ltr'>incutit</span> <span class='ocrx_word' id='word_1_55' title='bbox 389 857 495 928; x_wconf 70' lang='lat' dir='ltr'>multis</span> <span class='ocrx_word' id='word_1_56' title='bbox 520 856 569 931; x_wconf 90' lang='lat' dir='ltr'>qni</span> <span class='ocrx_word' id='word_1_57' title='bbox 597 874 664 914; x_wconf 91' lang='lat' dir='ltr'>eum</span> <span class='ocrx_word' id='word_1_58' title='bbox 692 855 914 930; x_wconf 85' lang='lat' dir='ltr'>facilitatemque</span> <span class='ocrx_word' id='word_1_59' title='bbox 942 852 1007 912; x_wconf 89' lang='lat' dir='ltr'>eius</span> <span class='ocrx_word' id='word_1_60' title='bbox 1030 870 1088 911; x_wconf 92' lang='lat' dir='ltr'>non</span> 
     </span>
     <span class='ocr_line' id='line_1_9' title="bbox 145 950 1088 1029; baseline -0.007 -14"><span class='ocrx_word' id='word_1_61' title='bbox 145 965 261 1025; x_wconf 89' lang='lat' dir='ltr'>norunt,</span> <span class='ocrx_word' id='word_1_62' title='bbox 279 973 420 1029; x_wconf 84' lang='lat' dir='ltr'>magnum</span> <span class='ocrx_word' id='word_1_63' title='bbox 442 964 569 1026; x_wconf 81' lang='lat' dir='ltr'>metum3</span> <span class='ocrx_word' id='word_1_64' title='bbox 592 952 652 1024; x_wconf 91' lang='lat' dir='ltr'>sed,</span> <span class='ocrx_word' id='word_1_65' title='bbox 669 962 702 1010; x_wconf 91' lang='lat' dir='ltr'>ut</span> <span class='ocrx_word' id='word_1_66' title='bbox 722 970 808 1028; x_wconf 90' lang='lat' dir='ltr'>spero</span> <span class='ocrx_word' id='word_1_67' title='bbox 825 960 854 1010; x_wconf 89' lang='lat' dir='ltr'>et</span> <span class='ocrx_word' id='word_1_68' title='bbox 871 950 939 1009; x_wconf 92' lang='lat' dir='ltr'>volo</span> <span class='ocrx_word' id='word_1_69' title='bbox 959 960 991 1009; x_wconf 88' lang='lat' dir='ltr'>et</span> <span class='ocrx_word' id='word_1_70' title='bbox 1009 960 1042 1009; x_wconf 89' lang='lat' dir='ltr'>nt</span> <span class='ocrx_word' id='word_1_71' title='bbox 1058 968 1088 1009; x_wconf 85' lang='lat' dir='ltr'>se</span> 
     </span>
     <span class='ocr_line' id='line_1_10' title="bbox 145 1053 1087 1130; baseline -0.005 -17"><span class='ocrx_word' id='word_1_72' title='bbox 145 1055 198 1113; x_wconf 87' lang='lat' dir='ltr'>fert</span> <span class='ocrx_word' id='word_1_73' title='bbox 223 1057 294 1130; x_wconf 90' lang='lat' dir='ltr'>ipse,</span> <span class='ocrx_word' id='word_1_74' title='bbox 314 1055 409 1112; x_wconf 91' lang='lat' dir='ltr'>bonos</span> <span class='ocrx_word' id='word_1_75' title='bbox 434 1064 462 1112; x_wconf 91' lang='lat' dir='ltr'>et</span> <span class='ocrx_word' id='word_1_76' title='bbox 486 1063 620 1112; x_wconf 87' lang='lat' dir='ltr'>senatum</span> <span class='ocrx_word' id='word_1_77' title='bbox 644 1053 733 1111; x_wconf 81' lang='lat' dir='ltr'>malet</span> <span class='ocrx_word' id='word_1_78' title='bbox 740 1071 748 1124; x_wconf 91' lang='lat'>;</span> <span class='ocrx_word' id='word_1_79' title='bbox 774 1062 860 1122; x_wconf 89' lang='lat' dir='ltr'>totus,</span> <span class='ocrx_word' id='word_1_80' title='bbox 879 1061 912 1109; x_wconf 93' lang='lat' dir='ltr'>ut</span> <span class='ocrx_word' id='word_1_81' title='bbox 936 1069 1018 1109; x_wconf 90' lang='lat' dir='ltr'>nunc</span> <span class='ocrx_word' id='word_1_82' title='bbox 1038 1060 1087 1119; x_wconf 85' lang='lat' dir='ltr'>est,</span> 
     </span>
     <span class='ocr_line' id='line_1_11' title="bbox 144 1151 1088 1212; baseline -0.004 -1"><span class='ocrx_word' id='word_1_83' title='bbox 144 1155 201 1212; x_wconf 91' lang='lat' dir='ltr'>hoc</span> <span class='ocrx_word' id='word_1_84' title='bbox 227 1155 350 1212; x_wconf 87' lang='lat' dir='ltr'>scaturit.</span> <span class='ocrx_word' id='word_1_85' title='bbox 394 1151 490 1210; x_wconf 90' lang='lat' dir='ltr'>Huius</span> <span class='ocrx_word' id='word_1_86' title='bbox 515 1163 612 1210; x_wconf 89' lang='lat' dir='ltr'>autem</span> <span class='ocrx_word' id='word_1_87' title='bbox 637 1151 790 1210; x_wconf 90' lang='lat' dir='ltr'>voluntatis</span> <span class='ocrx_word' id='word_1_88' title='bbox 811 1151 925 1208; x_wconf 90' lang='lat' dir='ltr'>initium</span> <span class='ocrx_word' id='word_1_89' title='bbox 945 1160 975 1208; x_wconf 88' lang='lat' dir='ltr'>et</span> <span class='ocrx_word' id='word_1_90' title='bbox 1000 1166 1088 1209; x_wconf 89' lang='lat' dir='ltr'>causa</span> 
     </span>
     <span class='ocr_line' id='line_1_12' title="bbox 144 1247 1086 1326; baseline -0.005 -16"><span class='ocrx_word' id='word_1_91' title='bbox 144 1263 195 1321; x_wconf 89' lang='lat' dir='ltr'>est,</span> <span class='ocrx_word' id='word_1_92' title='bbox 211 1251 291 1326; x_wconf 91' lang='lat' dir='ltr'>quod</span> <span class='ocrx_word' id='word_1_93' title='bbox 312 1269 378 1307; x_wconf 92' lang='lat' dir='ltr'>eum</span> <span class='ocrx_word' id='word_1_94' title='bbox 398 1269 458 1308; x_wconf 92' lang='lat' dir='ltr'>non</span> <span class='ocrx_word' id='word_1_95' title='bbox 478 1250 662 1307; x_wconf 88' lang='lat' dir='ltr'>mediocriter</span> <span class='ocrx_word' id='word_1_96' title='bbox 677 1249 793 1320; x_wconf 88' lang='lat' dir='ltr'>Caesar,</span> <span class='ocrx_word' id='word_1_97' title='bbox 808 1248 858 1324; x_wconf 89' lang='lat' dir='ltr'>qui</span> <span class='ocrx_word' id='word_1_98' title='bbox 879 1247 954 1306; x_wconf 90' lang='lat' dir='ltr'>solet</span> <span class='ocrx_word' id='word_1_99' title='bbox 972 1248 1086 1306; x_wconf 89' lang='lat' dir='ltr'>infimo·</span> 
     </span>
     <span class='ocr_line' id='line_1_13' title="bbox 144 1343 1087 1422; baseline -0.003 -16"><span class='ocrx_word' id='word_1_100' title='bbox 144 1368 208 1406; x_wconf 91' lang='lat' dir='ltr'>rum</span> <span class='ocrx_word' id='word_1_101' title='bbox 224 1347 375 1405; x_wconf 90' lang='lat' dir='ltr'>hominum</span> <span class='ocrx_word' id='word_1_102' title='bbox 396 1347 549 1404; x_wconf 87' lang='lat' dir='ltr'>amicitiam</span> <span class='ocrx_word' id='word_1_103' title='bbox 565 1347 619 1403; x_wconf 92' lang='lat' dir='ltr'>sibi</span> <span class='ocrx_word' id='word_1_104' title='bbox 634 1345 760 1422; x_wconf 90' lang='lat' dir='ltr'>qualibet</span> <span class='ocrx_word' id='word_1_105' title='bbox 775 1346 906 1421; x_wconf 89' lang='lat' dir='ltr'>impensa</span> <span class='ocrx_word' id='word_1_106' title='bbox 920 1343 1087 1421; x_wconf 87' lang='lat' dir='ltr'>adiungere,</span> 
     </span>
     <span class='ocr_line' id='line_1_14' title="bbox 144 1442 1088 1520; baseline -0.002 -18"><span class='ocrx_word' id='word_1_107' title='bbox 144 1446 226 1504; x_wconf 89' lang='lat' dir='ltr'>valde</span> <span class='ocrx_word' id='word_1_108' title='bbox 247 1445 421 1520; x_wconf 89' lang='lat' dir='ltr'>contempsit</span> <span class='ocrx_word' id='word_1_109' title='bbox 431 1464 439 1516; x_wconf 91' lang='lat'>;</span> <span class='ocrx_word' id='word_1_110' title='bbox 466 1443 572 1519; x_wconf 89' lang='lat' dir='ltr'>quain</span> <span class='ocrx_word' id='word_1_111' title='bbox 591 1462 621 1500; x_wconf 90' lang='lat' dir='ltr'>re</span> <span class='ocrx_word' id='word_1_112' title='bbox 641 1444 710 1501; x_wconf 94' lang='lat' dir='ltr'>mihi</span> <span class='ocrx_word' id='word_1_113' title='bbox 730 1444 840 1501; x_wconf 91' lang='lat' dir='ltr'>videtur</span> <span class='ocrx_word' id='word_1_114' title='bbox 858 1442 928 1500; x_wconf 91' lang='lat' dir='ltr'>illud</span> <span class='ocrx_word' id='word_1_115' title='bbox 946 1460 1088 1519; x_wconf 89' lang='lat' dir='ltr'>perquam</span> 
     </span>
     <span class='ocr_line' id='line_1_15' title="bbox 145 1535 1087 1621; baseline 0 -21"><span class='ocrx_word' id='word_1_116' title='bbox 145 1554 264 1602; x_wconf 89' lang='lat' dir='ltr'>venuste</span> <span class='ocrx_word' id='word_1_117' title='bbox 293 1542 438 1610; x_wconf 88' lang='lat' dir='ltr'>cecidisse,</span> <span class='ocrx_word' id='word_1_118' title='bbox 461 1541 540 1618; x_wconf 93' lang='lat' dir='ltr'>quod</span> <span class='ocrx_word' id='word_1_119' title='bbox 569 1560 586 1598; x_wconf 90' lang='lat' dir='ltr'>a</span> <span class='ocrx_word' id='word_1_120' title='bbox 613 1542 728 1618; x_wconf 92' lang='lat' dir='ltr'>reliquis</span> <span class='ocrx_word' id='word_1_121' title='bbox 756 1559 873 1617; x_wconf 92' lang='lat' dir='ltr'>quoque</span> <span class='ocrx_word' id='word_1_122' title='bbox 903 1535 1010 1621; x_wconf 91' lang='lat' dir='ltr'>[usque</span> <span class='ocrx_word' id='word_1_123' title='bbox 1038 1537 1087 1620; x_wconf 89' lang='lat' dir='ltr'>eo]</span> 
     </span>
     <span class='ocr_line' id='line_1_16' title="bbox 145 1638 1087 1714; baseline -0.005 -14"><span class='ocrx_word' id='word_1_124' title='bbox 145 1652 188 1700; x_wconf 91' lang='lat' dir='ltr'>est</span> <span class='ocrx_word' id='word_1_125' title='bbox 219 1641 463 1710; x_wconf 86' lang='lat' dir='ltr'>animadversum,</span> <span class='ocrx_word' id='word_1_126' title='bbox 492 1650 524 1697; x_wconf 93' lang='lat' dir='ltr'>ut</span> <span class='ocrx_word' id='word_1_127' title='bbox 555 1638 651 1709; x_wconf 72' lang='lat' dir='ltr'>Curio</span> <span class='ocrx_word' id='word_1_128' title='bbox 680 1641 728 1714; x_wconf 92' lang='lat' dir='ltr'>qui</span> <span class='ocrx_word' id='word_1_129' title='bbox 760 1638 829 1695; x_wconf 92' lang='lat' dir='ltr'>nihil</span> <span class='ocrx_word' id='word_1_130' title='bbox 857 1638 980 1697; x_wconf 90' lang='lat' dir='ltr'>consilio</span> <span class='ocrx_word' id='word_1_131' title='bbox 1011 1638 1087 1709; x_wconf 84' lang='lat' dir='ltr'>facit,</span> 
     </span>
     <span class='ocr_line' id='line_1_17' title="bbox 144 1735 1086 1809; baseline -0.004 -12"><span class='ocrx_word' id='word_1_132' title='bbox 144 1740 254 1799; x_wconf 90' lang='lat' dir='ltr'>ratione</span> <span class='ocrx_word' id='word_1_133' title='bbox 273 1749 301 1796; x_wconf 95' lang='lat' dir='ltr'>et</span> <span class='ocrx_word' id='word_1_134' title='bbox 320 1738 429 1796; x_wconf 89' lang='lat' dir='ltr'>insidiis</span> <span class='ocrx_word' id='word_1_135' title='bbox 448 1756 517 1795; x_wconf 90' lang='lat' dir='ltr'>usus</span> <span class='ocrx_word' id='word_1_136' title='bbox 536 1737 678 1795; x_wconf 91' lang='lat' dir='ltr'>videretur</span> <span class='ocrx_word' id='word_1_137' title='bbox 698 1739 728 1794; x_wconf 96' lang='lat' dir='ltr'>in</span> <span class='ocrx_word' id='word_1_138' title='bbox 742 1735 881 1794; x_wconf 90' lang='lat' dir='ltr'>evitandis</span> <span class='ocrx_word' id='word_1_139' title='bbox 900 1737 935 1794; x_wconf 90' lang='lat' dir='ltr'>iis</span> <span class='ocrx_word' id='word_1_140' title='bbox 950 1736 1086 1809; x_wconf 85' lang='lat' dir='ltr'>consiliis,</span> 
     </span>
     <span class='ocr_line' id='line_1_18' title="bbox 146 1835 1086 1913; baseline -0.002 -18"><span class='ocrx_word' id='word_1_141' title='bbox 146 1836 258 1913; x_wconf 85' lang='lat' dir='ltr'>**qui</span> <span class='ocrx_word' id='word_1_142' title='bbox 287 1855 318 1895; x_wconf 90' lang='lat' dir='ltr'>se</span> <span class='ocrx_word' id='word_1_143' title='bbox 344 1836 526 1894; x_wconf 89' lang='lat' dir='ltr'>intenderant</span> <span class='ocrx_word' id='word_1_144' title='bbox 554 1836 730 1893; x_wconf 86' lang='lat' dir='ltr'>adversarios</span> <span class='ocrx_word' id='word_1_145' title='bbox 754 1835 784 1892; x_wconf 88' lang='lat' dir='ltr'>in</span> <span class='ocrx_word' id='word_1_146' title='bbox 808 1835 869 1892; x_wconf 90' lang='lat' dir='ltr'>eius</span> <span class='ocrx_word' id='word_1_147' title='bbox 893 1835 1086 1893; x_wconf 86' lang='lat' dir='ltr'>tribunatum:</span> 
     </span>
     <span class='ocr_line' id='line_1_19' title="bbox 145 1932 1087 2007; baseline -0.002 -14"><span class='ocrx_word' id='word_1_148' title='bbox 145 1936 261 1994; x_wconf 89' lang='lat' dir='ltr'>Laelios</span> <span class='ocrx_word' id='word_1_149' title='bbox 281 1945 309 1991; x_wconf 90' lang='lat' dir='ltr'>et</span> <span class='ocrx_word' id='word_1_150' title='bbox 331 1935 475 1991; x_wconf 91' lang='lat' dir='ltr'>Antonios</span> <span class='ocrx_word' id='word_1_151' title='bbox 497 1944 525 1990; x_wconf 91' lang='lat' dir='ltr'>et</span> <span class='ocrx_word' id='word_1_152' title='bbox 545 1933 575 1990; x_wconf 89' lang='lat' dir='ltr'>id</span> <span class='ocrx_word' id='word_1_153' title='bbox 596 1951 688 2007; x_wconf 82' lang='lat' dir='ltr'>genus</span> <span class='ocrx_word' id='word_1_154' title='bbox 708 1933 835 1991; x_wconf 86' lang='lat' dir='ltr'>valentes</span> <span class='ocrx_word' id='word_1_155' title='bbox 856 1932 930 1990; x_wconf 90' lang='lat' dir='ltr'>dic0.</span> <span class='ocrx_word' id='word_1_156' title='bbox 974 1951 1002 2007; x_wconf 82' lang='grc'>3,</span> <span class='ocrx_word' id='word_1_157' title='bbox 1024 1932 1087 1991; x_wconf 85' lang='lat' dir='ltr'>Has</span> 
     </span>
     <span class='ocr_line' id='line_1_20' title="bbox 146 2029 1084 2108; baseline -0.002 -16"><span class='ocrx_word' id='word_1_158' title='bbox 146 2051 202 2108; x_wconf 84' lang='lat' dir='ltr'>ego</span> <span class='ocrx_word' id='word_1_159' title='bbox 223 2033 273 2089; x_wconf 92' lang='lat' dir='ltr'>tibi</span> <span class='ocrx_word' id='word_1_160' title='bbox 293 2031 400 2088; x_wconf 89' lang='lat' dir='ltr'>litteras</span> <span class='ocrx_word' id='word_1_161' title='bbox 420 2048 455 2088; x_wconf 91' lang='lat' dir='ltr'>eo</span> <span class='ocrx_word' id='word_1_162' title='bbox 474 2031 582 2088; x_wconf 90' lang='lat' dir='ltr'>maiore</span> <span class='ocrx_word' id='word_1_163' title='bbox 601 2031 666 2088; x_wconf 91' lang='lat' dir='ltr'>misi</span> <span class='ocrx_word' id='word_1_164' title='bbox 686 2030 841 2099; x_wconf 91' lang='lat' dir='ltr'>intervallo,</span> <span class='ocrx_word' id='word_1_165' title='bbox 856 2029 937 2105; x_wconf 93' lang='lat' dir='ltr'>quod</span> <span class='ocrx_word' id='word_1_166' title='bbox 956 2032 1084 2090; x_wconf 90' lang='lat' dir='ltr'>comitio·</span> 
     </span>
     <span class='ocr_line' id='line_1_21' title="bbox 146 2127 1088 2204; baseline 0 -16"><span class='ocrx_word' id='word_1_167' title='bbox 146 2149 210 2188; x_wconf 92' lang='lat' dir='ltr'>rum</span> <span class='ocrx_word' id='word_1_168' title='bbox 230 2129 381 2186; x_wconf 87' lang='lat' dir='ltr'>dilationes</span> <span class='ocrx_word' id='word_1_169' title='bbox 402 2129 618 2203; x_wconf 88' lang='lat' dir='ltr'>occupatiorem</span> <span class='ocrx_word' id='word_1_170' title='bbox 640 2146 687 2185; x_wconf 91' lang='lat' dir='ltr'>me</span> <span class='ocrx_word' id='word_1_171' title='bbox 708 2127 853 2185; x_wconf 78' lang='lat' dir='ltr'>habebant</span> <span class='ocrx_word' id='word_1_172' title='bbox 872 2137 901 2185; x_wconf 92' lang='lat' dir='ltr'>et</span> <span class='ocrx_word' id='word_1_173' title='bbox 919 2138 1088 2204; x_wconf 84' lang='lat' dir='ltr'>exspectare</span> 
     </span>
     <span class='ocr_line' id='line_1_22' title="bbox 146 2225 1088 2300; baseline 0 -15"><span class='ocrx_word' id='word_1_174' title='bbox 146 2230 176 2285; x_wconf 94' lang='lat' dir='ltr'>in</span> <span class='ocrx_word' id='word_1_175' title='bbox 191 2229 252 2285; x_wconf 88' lang='lat' dir='ltr'>dies</span> <span class='ocrx_word' id='word_1_176' title='bbox 267 2226 374 2282; x_wconf 83' lang='lat' dir='ltr'>exitum</span> <span class='ocrx_word' id='word_1_177' title='bbox 389 2226 542 2300; x_wconf 83' lang='lat' dir='ltr'>cogebant,</span> <span class='ocrx_word' id='word_1_178' title='bbox 558 2236 590 2282; x_wconf 92' lang='lat' dir='ltr'>ut</span> <span class='ocrx_word' id='word_1_179' title='bbox 609 2225 748 2284; x_wconf 83' lang='lat' dir='ltr'>confectis</span> <span class='ocrx_word' id='word_1_180' title='bbox 762 2225 897 2283; x_wconf 87' lang='lat' dir='ltr'>omnibus</span> <span class='ocrx_word' id='word_1_181' title='bbox 914 2234 943 2283; x_wconf 91' lang='lat' dir='ltr'>te</span> <span class='ocrx_word' id='word_1_182' title='bbox 962 2225 1088 2285; x_wconf 86' lang='lat' dir='ltr'>facerem</span> 
     </span>
     <span class='ocr_line' id='line_1_23' title="bbox 147 2322 1089 2400; baseline -0.002 -16"><span class='ocrx_word' id='word_1_183' title='bbox 147 2327 305 2385; x_wconf 87' lang='lat' dir='ltr'>certiorem.</span> <span class='ocrx_word' id='word_1_184' title='bbox 347 2323 396 2380; x_wconf 85' lang='lat' dir='ltr'>Ad</span> <span class='ocrx_word' id='word_1_185' title='bbox 415 2323 563 2380; x_wconf 90' lang='lat' dir='ltr'>Kalendas</span> <span class='ocrx_word' id='word_1_186' title='bbox 587 2322 665 2380; x_wconf 88' lang='lat' dir='ltr'>Sext.</span> <span class='ocrx_word' id='word_1_187' title='bbox 680 2341 772 2400; x_wconf 90' lang='lat' dir='ltr'>usque</span> <span class='ocrx_word' id='word_1_188' title='bbox 789 2322 962 2399; x_wconf 86' lang='lat' dir='ltr'>exspectavi.</span> <span class='ocrx_word' id='word_1_189' title='bbox 1003 2322 1089 2382; x_wconf 89' lang='lat' dir='ltr'>Prae·</span> 
     </span>
     <span class='ocr_line' id='line_1_24' title="bbox 147 2419 1090 2497; baseline -0.001 -16"><span class='ocrx_word' id='word_1_190' title='bbox 147 2424 226 2481; x_wconf 89' lang='lat' dir='ltr'>toriis</span> <span class='ocrx_word' id='word_1_191' title='bbox 253 2439 352 2478; x_wconf 85' lang='lat' dir='ltr'>morae</span> <span class='ocrx_word' id='word_1_192' title='bbox 382 2420 524 2497; x_wconf 86' lang='lat' dir='ltr'>quaedam</span> <span class='ocrx_word' id='word_1_193' title='bbox 550 2420 718 2496; x_wconf 89' lang='lat' dir='ltr'>inciderunt.</span> <span class='ocrx_word' id='word_1_194' title='bbox 761 2419 830 2478; x_wconf 88' lang='lat' dir='ltr'>Mea</span> <span class='ocrx_word' id='word_1_195' title='bbox 858 2439 946 2497; x_wconf 92' lang='lat' dir='ltr'>porro</span> <span class='ocrx_word' id='word_1_196' title='bbox 972 2423 1090 2481; x_wconf 88' lang='lat' dir='ltr'>comitia</span> 
     </span>
     <span class='ocr_line' id='line_1_25' title="bbox 148 2518 1089 2598; baseline -0.002 -20"><span class='ocrx_word' id='word_1_197' title='bbox 148 2539 234 2598; x_wconf 92' lang='lat' dir='ltr'>quem</span> <span class='ocrx_word' id='word_1_198' title='bbox 249 2529 383 2577; x_wconf 89' lang='lat' dir='ltr'>eventum</span> <span class='ocrx_word' id='word_1_199' title='bbox 405 2520 462 2576; x_wconf 91' lang='lat' dir='ltr'>sint</span> <span class='ocrx_word' id='word_1_200' title='bbox 479 2518 618 2588; x_wconf 87' lang='lat' dir='ltr'>habitura,</span> <span class='ocrx_word' id='word_1_201' title='bbox 634 2519 734 2576; x_wconf 91' lang='lat' dir='ltr'>nescio</span> <span class='ocrx_word' id='word_1_202' title='bbox 744 2538 750 2589; x_wconf 94' lang='lat'>;</span> <span class='ocrx_word' id='word_1_203' title='bbox 773 2518 944 2592; x_wconf 91' lang='lat' dir='ltr'>opinionem</span> <span class='ocrx_word' id='word_1_204' title='bbox 961 2519 1089 2595; x_wconf 90' lang='lat' dir='ltr'>quidem,</span> 
     </span>
     <span class='ocr_line' id='line_1_26' title="bbox 148 2615 1089 2695; baseline -0.001 -18"><span class='ocrx_word' id='word_1_205' title='bbox 148 2619 228 2695; x_wconf 92' lang='lat' dir='ltr'>quod</span> <span class='ocrx_word' id='word_1_206' title='bbox 246 2618 284 2675; x_wconf 87' lang='lat' dir='ltr'>ad</span> <span class='ocrx_word' id='word_1_207' title='bbox 306 2616 424 2674; x_wconf 88' lang='lat' dir='ltr'>Hirrum</span> <span class='ocrx_word' id='word_1_208' title='bbox 447 2617 554 2686; x_wconf 85' lang='lat' dir='ltr'>attinet,</span> <span class='ocrx_word' id='word_1_209' title='bbox 570 2617 767 2674; x_wconf 89' lang='lat' dir='ltr'>incredibilem</span> <span class='ocrx_word' id='word_1_210' title='bbox 789 2615 923 2674; x_wconf 90' lang='lat' dir='ltr'>aedilium</span> <span class='ocrx_word' id='word_1_211' title='bbox 944 2617 983 2693; x_wconf 93' lang='lat' dir='ltr'>pl.</span> <span class='ocrx_word' id='word_1_212' title='bbox 999 2619 1089 2676; x_wconf 90' lang='lat' dir='ltr'>comi·</span> 
     </span>
     <span class='ocr_line' id='line_1_27' title="bbox 147 2713 1091 2775; baseline -0.001 -1"><span class='ocrx_word' id='word_1_213' title='bbox 147 2719 193 2775; x_wconf 90' lang='lat' dir='ltr'>tiis</span> <span class='ocrx_word' id='word_1_214' title='bbox 218 2725 302 2773; x_wconf 90' lang='lat' dir='ltr'>nacta</span> <span class='ocrx_word' id='word_1_215' title='bbox 332 2724 406 2771; x_wconf 89' lang='lat' dir='ltr'>sunt.</span> <span class='ocrx_word' id='word_1_216' title='bbox 449 2713 527 2770; x_wconf 91' lang='lat' dir='ltr'>Nam</span> <span class='ocrx_word' id='word_1_217' title='bbox 549 2713 591 2771; x_wconf 82' lang='lat' dir='ltr'>M.</span> <span class='ocrx_word' id='word_1_218' title='bbox 614 2713 746 2772; x_wconf 91' lang='lat' dir='ltr'>Coelium</span> <span class='ocrx_word' id='word_1_219' title='bbox 767 2713 952 2772; x_wconf 89' lang='lat' dir='ltr'>Vinicianum</span> <span class='ocrx_word' id='word_1_220' title='bbox 981 2715 1091 2773; x_wconf 91' lang='lat' dir='ltr'>mentio</span> 
     </span>
     <span class='ocr_line' id='line_1_28' title="bbox 148 2811 1092 2888; baseline -0.002 -15"><span class='ocrx_word' id='word_1_221' title='bbox 148 2814 195 2873; x_wconf 89' lang='lat' dir='ltr'>illa</span> <span class='ocrx_word' id='word_1_222' title='bbox 223 2814 308 2882; x_wconf 89' lang='lat' dir='ltr'>fatua,</span> <span class='ocrx_word' id='word_1_223' title='bbox 335 2830 422 2887; x_wconf 91' lang='lat' dir='ltr'>quam</span> <span class='ocrx_word' id='word_1_224' title='bbox 452 2811 642 2870; x_wconf 89' lang='lat' dir='ltr'>deriseramus</span> <span class='ocrx_word' id='word_1_225' title='bbox 670 2812 748 2880; x_wconf 92' lang='lat' dir='ltr'>olim,</span> <span class='ocrx_word' id='word_1_226' title='bbox 778 2823 806 2870; x_wconf 93' lang='lat' dir='ltr'>et</span> <span class='ocrx_word' id='word_1_227' title='bbox 834 2812 1026 2888; x_wconf 84' lang='lat' dir='ltr'>promulgatio</span> <span class='ocrx_word' id='word_1_228' title='bbox 1055 2812 1092 2871; x_wconf 90' lang='lat' dir='ltr'>de</span> 
     </span>
     <span class='ocr_line' id='line_1_29' title="bbox 149 2907 1091 2984; baseline -0.003 -15"><span class='ocrx_word' id='word_1_229' title='bbox 149 2913 287 2969; x_wconf 88' lang='lat' dir='ltr'>dictatore</span> <span class='ocrx_word' id='word_1_230' title='bbox 309 2910 403 2967; x_wconf 88' lang='lat' dir='ltr'>subito</span> <span class='ocrx_word' id='word_1_231' title='bbox 427 2909 529 2966; x_wconf 89' lang='lat' dir='ltr'>deiecit</span> <span class='ocrx_word' id='word_1_232' title='bbox 551 2919 580 2965; x_wconf 93' lang='lat' dir='ltr'>et</span> <span class='ocrx_word' id='word_1_233' title='bbox 601 2909 743 2966; x_wconf 91' lang='lat' dir='ltr'>deiectum</span> <span class='ocrx_word' id='word_1_234' title='bbox 765 2926 874 2984; x_wconf 85' lang='lat' dir='ltr'>magno</span> <span class='ocrx_word' id='word_1_235' title='bbox 895 2907 1022 2967; x_wconf 91' lang='lat' dir='ltr'>clamore</span> <span class='ocrx_word' id='word_1_236' title='bbox 1048 2909 1091 2966; x_wconf 90' lang='lat' dir='ltr'>in·</span> 
     </span>
     <span class='ocr_line' id='line_1_30' title="bbox 149 3005 1092 3079; baseline -0.003 -13"><span class='ocrx_word' id='word_1_237' title='bbox 149 3019 247 3066; x_wconf 89' lang='lat' dir='ltr'>secuta</span> <span class='ocrx_word' id='word_1_238' title='bbox 274 3017 336 3079; x_wconf 89' lang='lat' dir='ltr'>est;</span> <span class='ocrx_word' id='word_1_239' title='bbox 372 3006 439 3063; x_wconf 89' lang='lat' dir='ltr'>inde</span> <span class='ocrx_word' id='word_1_240' title='bbox 473 3006 592 3062; x_wconf 91' lang='lat' dir='ltr'>Hirrum</span> <span class='ocrx_word' id='word_1_241' title='bbox 621 3005 715 3063; x_wconf 92' lang='lat' dir='ltr'>cuncti</span> <span class='ocrx_word' id='word_1_242' title='bbox 746 3005 804 3061; x_wconf 88' lang='lat' dir='ltr'>iam</span> <span class='ocrx_word' id='word_1_243' title='bbox 835 3024 895 3063; x_wconf 90' lang='lat' dir='ltr'>non</span> <span class='ocrx_word' id='word_1_244' title='bbox 926 3005 1092 3064; x_wconf 83' lang='lat' dir='ltr'>faciendum</span> 
     </span>
     <span class='ocr_line' id='line_1_31' title="bbox 149 3102 1092 3180; baseline 0 -18"><span class='ocrx_word' id='word_1_245' title='bbox 149 3106 285 3180; x_wconf 85' lang='lat' dir='ltr'>flagitare.</span> <span class='ocrx_word' id='word_1_246' title='bbox 329 3104 421 3179; x_wconf 88' lang='lat' dir='ltr'>Spero</span> <span class='ocrx_word' id='word_1_247' title='bbox 443 3113 470 3161; x_wconf 87' lang='lat' dir='ltr'>te</span> <span class='ocrx_word' id='word_1_248' title='bbox 494 3103 619 3161; x_wconf 90' lang='lat' dir='ltr'>celeriter</span> <span class='ocrx_word' id='word_1_249' title='bbox 640 3111 669 3159; x_wconf 91' lang='lat' dir='ltr'>et</span> <span class='ocrx_word' id='word_1_250' title='bbox 690 3102 725 3159; x_wconf 92' lang='lat' dir='ltr'>de</span> <span class='ocrx_word' id='word_1_251' title='bbox 747 3103 840 3172; x_wconf 91' lang='lat' dir='ltr'>nobis,</span> <span class='ocrx_word' id='word_1_252' title='bbox 860 3104 940 3178; x_wconf 93' lang='lat' dir='ltr'>quod</span> <span class='ocrx_word' id='word_1_253' title='bbox 961 3104 1092 3179; x_wconf 84' lang='lat' dir='ltr'>sperasti,</span> 
     </span>
     <span class='ocr_line' id='line_1_32' title="bbox 149 3200 1093 3276; baseline 0.001 -17"><span class='ocrx_word' id='word_1_254' title='bbox 149 3213 177 3259; x_wconf 92' lang='lat' dir='ltr'>et</span> <span class='ocrx_word' id='word_1_255' title='bbox 197 3201 232 3258; x_wconf 95' lang='lat' dir='ltr'>de</span> <span class='ocrx_word' id='word_1_256' title='bbox 252 3202 308 3271; x_wconf 89' lang='lat' dir='ltr'>illo,</span> <span class='ocrx_word' id='word_1_257' title='bbox 324 3201 403 3276; x_wconf 91' lang='lat' dir='ltr'>quod</span> <span class='ocrx_word' id='word_1_258' title='bbox 421 3201 467 3257; x_wconf 86' lang='lat' dir='ltr'>vix</span> <span class='ocrx_word' id='word_1_259' title='bbox 487 3217 601 3275; x_wconf 90' lang='lat' dir='ltr'>sperare</span> <span class='ocrx_word' id='word_1_260' title='bbox 621 3216 707 3256; x_wconf 89' lang='lat' dir='ltr'>ausus</span> <span class='ocrx_word' id='word_1_261' title='bbox 727 3217 767 3267; x_wconf 69' lang='grc' dir='ltr'>ες,</span> <span class='ocrx_word' id='word_1_262' title='bbox 783 3200 953 3258; x_wconf 89' lang='lat' dir='ltr'>auditurum.</span> <span class='ocrx_word' id='word_1_263' title='bbox 998 3220 1024 3272; x_wconf 85' lang='lat'>4.</span> <span class='ocrx_word' id='word_1_264' title='bbox 1045 3200 1093 3260; x_wconf 87' lang='lat' dir='ltr'>De.</span> 
     </span>
     <span class='ocr_line' id='line_1_33' title="bbox 148 3297 1093 3375; baseline 0.003 -19"><span class='ocrx_word' id='word_1_265' title='bbox 148 3316 179 3356; x_wconf 92' lang='lat' dir='ltr'>re</span> <span class='ocrx_word' id='word_1_266' title='bbox 204 3297 319 3375; x_wconf 88' lang='lat' dir='ltr'>publica</span> <span class='ocrx_word' id='word_1_267' title='bbox 344 3299 402 3358; x_wconf 90' lang='lat' dir='ltr'>iam</span> <span class='ocrx_word' id='word_1_268' title='bbox 427 3297 495 3355; x_wconf 90' lang='lat' dir='ltr'>novi</span> <span class='ocrx_word' id='word_1_269' title='bbox 520 3297 675 3372; x_wconf 72' lang='lat' dir='ltr'>quicquam</span> <span class='ocrx_word' id='word_1_270' title='bbox 700 3305 866 3360; x_wconf 65' lang='lat' dir='ltr'>exspectare</span> <span class='ocrx_word' id='word_1_271' title='bbox 896 3297 1093 3373; x_wconf 72' lang='lat' dir='ltr'>desieramus3</span> 
     </span>
    </p>
   </div>
   <div class='ocr_carea' id='block_1_3' title="bbox 0 0 1209 3848">
    <p class='ocr_par' dir='ltr' id='par_1_3' title="bbox 0 0 1209 3848">
     <span class='ocr_line' id='line_1_34' title="bbox 0 0 1209 3848; baseline 0 0"><span class='ocrx_word' id='word_1_272' title='bbox 0 0 1209 3848; x_wconf 95' lang='lat' dir='ltr'> </span> 
     </span>
    </p>
   </div>
  </div>
 </body>
</html>
