<?xml version="1.0" encoding="UTF-8"?>
<!DOCTYPE html PUBLIC "-//W3C//DTD XHTML 1.0 Transitional//EN"
    "http://www.w3.org/TR/xhtml1/DTD/xhtml1-transitional.dtd">
<html xmlns="http://www.w3.org/1999/xhtml" xml:lang="en" lang="en">
 <head>
  <title>
</title>
<meta http-equiv="Content-Type" content="text/html;charset=utf-8" />
  <meta name='ocr-system' content='tesseract 3.04.00' />
  <meta name='ocr-capabilities' content='ocr_page ocr_carea ocr_par ocr_line ocrx_word'/>
</head>
<body>
  <div class='ocr_page' id='page_1' title='image "./epistolaeselect00cicegoog/epistolaeselect00cicegoog_0091.png"; bbox 0 0 2392 3848; ppageno 0'>
   <div class='ocr_carea' id='block_1_1' title="bbox 83 202 1028 289">
    <p class='ocr_par' dir='ltr' id='par_1_1' title="bbox 83 202 1028 289">
     <span class='ocr_line' id='line_1_1' title="bbox 83 202 1028 289; baseline -0.001 -24"><span class='ocrx_word' id='word_1_1' title='bbox 83 216 129 280; x_wconf 76' lang='lat' dir='ltr'>sp.</span> <span class='ocrx_word' id='word_1_2' title='bbox 143 202 198 289; x_wconf 60' lang='lat' dir='ltr'>aa]</span> <span class='ocrx_word' id='word_1_3' title='bbox 292 214 405 267; x_wconf 69' lang='lat' dir='ltr'>uersa.</span> <span class='ocrx_word' id='word_1_4' title='bbox 428 216 478 265; x_wconf 81' lang='lat' dir='ltr'>m</span> <span class='ocrx_word' id='word_1_5' title='bbox 498 216 721 265; x_wconf 67' lang='lat' dir='ltr'>santernum</span> <span class='ocrx_word' id='word_1_6' title='bbox 743 218 766 267; x_wconf 89' lang='lat' dir='ltr'>r.</span> <span class='ocrx_word' id='word_1_7' title='bbox 790 223 820 289; x_wconf 89' lang='lat'>9.</span> <span class='ocrx_word' id='word_1_8' title='bbox 988 215 1028 285; x_wconf 87' lang='lat'>75</span> 
     </span>
    </p>
   </div>
   <div class='ocr_carea' id='block_1_2' title="bbox 84 363 1035 3474">
    <p class='ocr_par' dir='ltr' id='par_1_2' title="bbox 84 363 1035 3474">
     <span class='ocr_line' id='line_1_2' title="bbox 84 363 1030 442; baseline -0.002 -19"><span class='ocrx_word' id='word_1_9' title='bbox 84 363 272 437; x_wconf 83' lang='lat' dir='ltr'>ulciscendis,</span> <span class='ocrx_word' id='word_1_10' title='bbox 301 384 376 442; x_wconf 91' lang='lat' dir='ltr'>quos</span> <span class='ocrx_word' id='word_1_11' title='bbox 409 367 460 425; x_wconf 92' lang='lat' dir='ltr'>tibi</span> <span class='ocrx_word' id='word_1_12' title='bbox 493 367 596 442; x_wconf 90' lang='lat' dir='ltr'>partim</span> <span class='ocrx_word' id='word_1_13' title='bbox 627 366 760 425; x_wconf 91' lang='lat' dir='ltr'>inimicos</span> <span class='ocrx_word' id='word_1_14' title='bbox 793 384 856 425; x_wconf 92' lang='lat' dir='ltr'>esse</span> <span class='ocrx_word' id='word_1_15' title='bbox 888 365 1030 439; x_wconf 81' lang='lat' dir='ltr'><strong>intellegis</strong></span> 
     </span>
     <span class='ocr_line' id='line_1_3' title="bbox 86 464 1030 540; baseline 0 -21"><span class='ocrx_word' id='word_1_16' title='bbox 86 473 208 539; x_wconf 91' lang='lat' dir='ltr'>propter</span> <span class='ocrx_word' id='word_1_17' title='bbox 231 473 312 521; x_wconf 87' lang='lat' dir='ltr'>tuam</span> <span class='ocrx_word' id='word_1_18' title='bbox 335 465 599 539; x_wconf 81' lang='lat' dir='ltr'>propugnationem</span> <span class='ocrx_word' id='word_1_19' title='bbox 620 465 717 522; x_wconf 92' lang='lat' dir='ltr'>salutis</span> <span class='ocrx_word' id='word_1_20' title='bbox 741 482 834 535; x_wconf 91' lang='lat' dir='ltr'>meae,</span> <span class='ocrx_word' id='word_1_21' title='bbox 856 465 960 540; x_wconf 88' lang='lat' dir='ltr'>partim</span> <span class='ocrx_word' id='word_1_22' title='bbox 985 464 1030 520; x_wconf 92' lang='lat' dir='ltr'>in·</span> 
     </span>
     <span class='ocr_line' id='line_1_4' title="bbox 85 559 1029 638; baseline 0 -21"><span class='ocrx_word' id='word_1_23' title='bbox 85 559 185 618; x_wconf 88' lang='lat' dir='ltr'>videre</span> <span class='ocrx_word' id='word_1_24' title='bbox 212 570 332 637; x_wconf 93' lang='lat' dir='ltr'>propter</span> <span class='ocrx_word' id='word_1_25' title='bbox 353 562 427 620; x_wconf 91' lang='lat' dir='ltr'>illius</span> <span class='ocrx_word' id='word_1_26' title='bbox 455 563 576 620; x_wconf 89' lang='lat' dir='ltr'>actionis</span> <span class='ocrx_word' id='word_1_27' title='bbox 603 562 823 638; x_wconf 90' lang='lat' dir='ltr'>amplitudinem</span> <span class='ocrx_word' id='word_1_28' title='bbox 847 572 876 619; x_wconf 92' lang='lat' dir='ltr'>et</span> <span class='ocrx_word' id='word_1_29' title='bbox 900 562 1029 638; x_wconf 82' lang='lat' dir='ltr'>gloriam,</span> 
     </span>
     <span class='ocr_line' id='line_1_5' title="bbox 86 659 1030 737; baseline -0.001 -20"><span class='ocrx_word' id='word_1_30' title='bbox 86 659 240 717; x_wconf 91' lang='lat' dir='ltr'>mirificum</span> <span class='ocrx_word' id='word_1_31' title='bbox 261 678 309 718; x_wconf 91' lang='lat' dir='ltr'>me</span> <span class='ocrx_word' id='word_1_32' title='bbox 331 661 381 718; x_wconf 93' lang='lat' dir='ltr'>tibi</span> <span class='ocrx_word' id='word_1_33' title='bbox 399 662 537 718; x_wconf 90' lang='lat' dir='ltr'>comitem</span> <span class='ocrx_word' id='word_1_34' title='bbox 556 662 770 737; x_wconf 83' lang='lat' dir='ltr'>praebuissem:</span> <span class='ocrx_word' id='word_1_35' title='bbox 792 679 970 736; x_wconf 90' lang='lat' dir='ltr'>quamquam</span> <span class='ocrx_word' id='word_1_36' title='bbox 984 659 1030 717; x_wconf 93' lang='lat' dir='ltr'>ille</span> 
     </span>
     <span class='ocr_line' id='line_1_6' title="bbox 86 757 1030 834; baseline -0.001 -20"><span class='ocrx_word' id='word_1_37' title='bbox 86 758 225 833; x_wconf 89' lang='lat' dir='ltr'>perennis</span> <span class='ocrx_word' id='word_1_38' title='bbox 249 757 383 816; x_wconf 91' lang='lat' dir='ltr'>inimicus</span> <span class='ocrx_word' id='word_1_39' title='bbox 410 759 570 816; x_wconf 87' lang='lat' dir='ltr'>amicorum</span> <span class='ocrx_word' id='word_1_40' title='bbox 591 777 719 829; x_wconf 90' lang='lat' dir='ltr'>suorum,</span> <span class='ocrx_word' id='word_1_41' title='bbox 741 759 791 834; x_wconf 90' lang='lat' dir='ltr'>qui</span> <span class='ocrx_word' id='word_1_42' title='bbox 819 759 874 816; x_wconf 93' lang='lat' dir='ltr'>tuis</span> <span class='ocrx_word' id='word_1_43' title='bbox 895 758 1030 814; x_wconf 90' lang='lat' dir='ltr'>maximis</span> 
     </span>
     <span class='ocr_line' id='line_1_7' title="bbox 87 854 1030 932; baseline 0 -19"><span class='ocrx_word' id='word_1_44' title='bbox 87 854 236 914; x_wconf 88' lang='lat' dir='ltr'>beneficiis</span> <span class='ocrx_word' id='word_1_45' title='bbox 250 866 368 914; x_wconf 88' lang='lat' dir='ltr'>omatus</span> <span class='ocrx_word' id='word_1_46' title='bbox 383 857 413 914; x_wconf 93' lang='lat' dir='ltr'>in</span> <span class='ocrx_word' id='word_1_47' title='bbox 428 866 455 914; x_wconf 92' lang='lat' dir='ltr'>te</span> <span class='ocrx_word' id='word_1_48' title='bbox 467 857 648 932; x_wconf 88' lang='lat' dir='ltr'>potissimum</span> <span class='ocrx_word' id='word_1_49' title='bbox 664 856 784 915; x_wconf 86' lang='lat' dir='ltr'>fractam</span> <span class='ocrx_word' id='word_1_50' title='bbox 799 858 875 914; x_wconf 89' lang='lat' dir='ltr'>illam</span> <span class='ocrx_word' id='word_1_51' title='bbox 890 865 919 914; x_wconf 91' lang='lat' dir='ltr'>et</span> <span class='ocrx_word' id='word_1_52' title='bbox 933 856 1030 914; x_wconf 89' lang='lat' dir='ltr'>debili-</span> 
     </span>
     <span class='ocr_line' id='line_1_8' title="bbox 87 952 1030 1028; baseline -0.001 -17"><span class='ocrx_word' id='word_1_53' title='bbox 87 960 179 1011; x_wconf 85' lang='lat' dir='ltr'>tatam</span> <span class='ocrx_word' id='word_1_54' title='bbox 202 952 260 1009; x_wconf 91' lang='lat' dir='ltr'>vim</span> <span class='ocrx_word' id='word_1_55' title='bbox 282 970 364 1010; x_wconf 89' lang='lat' dir='ltr'>suam</span> <span class='ocrx_word' id='word_1_56' title='bbox 389 954 515 1024; x_wconf 90' lang='lat' dir='ltr'>contulit,</span> <span class='ocrx_word' id='word_1_57' title='bbox 540 963 670 1012; x_wconf 90' lang='lat' dir='ltr'>nostram</span> <span class='ocrx_word' id='word_1_58' title='bbox 690 955 782 1012; x_wconf 88' lang='lat' dir='ltr'>vicem</span> <span class='ocrx_word' id='word_1_59' title='bbox 805 954 881 1010; x_wconf 90' lang='lat' dir='ltr'>ultus</span> <span class='ocrx_word' id='word_1_60' title='bbox 903 964 946 1011; x_wconf 89' lang='lat' dir='ltr'>est</span> <span class='ocrx_word' id='word_1_61' title='bbox 968 953 1030 1028; x_wconf 90' lang='lat' dir='ltr'>ipse</span> 
     </span>
     <span class='ocr_line' id='line_1_9' title="bbox 87 1051 1030 1127; baseline -0.001 -19"><span class='ocrx_word' id='word_1_62' title='bbox 87 1068 155 1109; x_wconf 87' lang='lat' dir='ltr'>sese</span> <span class='ocrx_word' id='word_1_63' title='bbox 162 1068 171 1121; x_wconf 90' lang='lat'>;</span> <span class='ocrx_word' id='word_1_64' title='bbox 193 1068 229 1109; x_wconf 86' lang='lat' dir='ltr'>ea</span> <span class='ocrx_word' id='word_1_65' title='bbox 245 1060 288 1109; x_wconf 89' lang='lat' dir='ltr'>est</span> <span class='ocrx_word' id='word_1_66' title='bbox 308 1052 386 1108; x_wconf 87' lang='lat' dir='ltr'>enirn</span> <span class='ocrx_word' id='word_1_67' title='bbox 406 1061 535 1120; x_wconf 90' lang='lat' dir='ltr'>conatus,</span> <span class='ocrx_word' id='word_1_68' title='bbox 550 1052 655 1127; x_wconf 90' lang='lat' dir='ltr'>quibus</span> <span class='ocrx_word' id='word_1_69' title='bbox 676 1051 826 1126; x_wconf 84' lang='lat' dir='ltr'>patefactis</span> <span class='ocrx_word' id='word_1_70' title='bbox 848 1051 956 1108; x_wconf 88' lang='lat' dir='ltr'>nullam</span> <span class='ocrx_word' id='word_1_71' title='bbox 976 1051 1030 1107; x_wconf 92' lang='lat' dir='ltr'>sibi</span> 
     </span>
     <span class='ocr_line' id='line_1_10' title="bbox 87 1147 1030 1224; baseline -0.001 -19"><span class='ocrx_word' id='word_1_72' title='bbox 87 1147 120 1205; x_wconf 91' lang='lat' dir='ltr'>in</span> <span class='ocrx_word' id='word_1_73' title='bbox 134 1155 284 1223; x_wconf 89' lang='lat' dir='ltr'>posterum</span> <span class='ocrx_word' id='word_1_74' title='bbox 296 1165 358 1206; x_wconf 90' lang='lat' dir='ltr'>non</span> <span class='ocrx_word' id='word_1_75' title='bbox 372 1148 463 1206; x_wconf 92' lang='lat' dir='ltr'>modo</span> <span class='ocrx_word' id='word_1_76' title='bbox 478 1149 623 1224; x_wconf 82' lang='lat' dir='ltr'>dignitatis</span> <span class='ocrx_word' id='word_1_77' title='bbox 641 1149 692 1207; x_wconf 90' lang='lat' dir='ltr'>sed</span> <span class='ocrx_word' id='word_1_78' title='bbox 706 1167 743 1206; x_wconf 92' lang='lat' dir='ltr'>ne</span> <span class='ocrx_word' id='word_1_79' title='bbox 762 1147 899 1206; x_wconf 82' lang='lat' dir='ltr'>libertatis</span> <span class='ocrx_word' id='word_1_80' title='bbox 913 1148 1030 1222; x_wconf 90' lang='lat' dir='ltr'>quidem</span> 
     </span>
     <span class='ocr_line' id='line_1_11' title="bbox 88 1245 1030 1321; baseline 0 -19"><span class='ocrx_word' id='word_1_81' title='bbox 88 1255 202 1321; x_wconf 87' lang='lat' dir='ltr'>partem</span> <span class='ocrx_word' id='word_1_82' title='bbox 216 1245 338 1321; x_wconf 89' lang='lat' dir='ltr'>reliquit.</span> <span class='ocrx_word' id='word_1_83' title='bbox 381 1265 408 1320; x_wconf 83' lang='lat'>3.</span> <span class='ocrx_word' id='word_1_84' title='bbox 430 1246 476 1304; x_wconf 92' lang='lat' dir='ltr'>Te</span> <span class='ocrx_word' id='word_1_85' title='bbox 495 1258 591 1304; x_wconf 89' lang='lat' dir='ltr'>autern</span> <span class='ocrx_word' id='word_1_86' title='bbox 611 1247 663 1305; x_wconf 91' lang='lat' dir='ltr'>etsi</span> <span class='ocrx_word' id='word_1_87' title='bbox 683 1246 799 1304; x_wconf 89' lang='lat' dir='ltr'>mallem</span> <span class='ocrx_word' id='word_1_88' title='bbox 816 1247 845 1303; x_wconf 94' lang='lat' dir='ltr'>in</span> <span class='ocrx_word' id='word_1_89' title='bbox 859 1245 931 1304; x_wconf 92' lang='lat' dir='ltr'>meis</span> <span class='ocrx_word' id='word_1_90' title='bbox 945 1245 1030 1302; x_wconf 89' lang='lat' dir='ltr'>rebus</span> 
     </span>
     <span class='ocr_line' id='line_1_12' title="bbox 87 1338 1030 1420; baseline -0.003 -17"><span class='ocrx_word' id='word_1_91' title='bbox 87 1338 242 1420; x_wconf 86' lang='lat' dir='ltr'>expertum</span> <span class='ocrx_word' id='word_1_92' title='bbox 261 1361 350 1419; x_wconf 86' lang='lat' dir='ltr'>quam</span> <span class='ocrx_word' id='word_1_93' title='bbox 371 1345 457 1402; x_wconf 91' lang='lat' dir='ltr'>etiam</span> <span class='ocrx_word' id='word_1_94' title='bbox 477 1345 506 1402; x_wconf 91' lang='lat' dir='ltr'>in</span> <span class='ocrx_word' id='word_1_95' title='bbox 528 1346 590 1415; x_wconf 90' lang='lat' dir='ltr'>tuis,</span> <span class='ocrx_word' id='word_1_96' title='bbox 607 1354 704 1401; x_wconf 89' lang='lat' dir='ltr'>tamen</span> <span class='ocrx_word' id='word_1_97' title='bbox 723 1345 752 1401; x_wconf 93' lang='lat' dir='ltr'>in</span> <span class='ocrx_word' id='word_1_98' title='bbox 771 1344 903 1402; x_wconf 88' lang='lat' dir='ltr'>molestia</span> <span class='ocrx_word' id='word_1_99' title='bbox 916 1343 1030 1419; x_wconf 84' lang='lat' dir='ltr'>gaudeo</span> 
     </span>
     <span class='ocr_line' id='line_1_13' title="bbox 88 1441 1030 1518; baseline -0.003 -17"><span class='ocrx_word' id='word_1_100' title='bbox 88 1460 157 1501; x_wconf 86' lang='lat' dir='ltr'>eam</span> <span class='ocrx_word' id='word_1_101' title='bbox 179 1441 266 1499; x_wconf 87' lang='lat' dir='ltr'>fidem</span> <span class='ocrx_word' id='word_1_102' title='bbox 288 1459 432 1517; x_wconf 90' lang='lat' dir='ltr'>cognosse</span> <span class='ocrx_word' id='word_1_103' title='bbox 453 1442 606 1500; x_wconf 90' lang='lat' dir='ltr'>hominum</span> <span class='ocrx_word' id='word_1_104' title='bbox 623 1460 683 1499; x_wconf 91' lang='lat' dir='ltr'>non</span> <span class='ocrx_word' id='word_1_105' title='bbox 704 1442 743 1500; x_wconf 90' lang='lat' dir='ltr'>ita</span> <span class='ocrx_word' id='word_1_106' title='bbox 762 1460 871 1518; x_wconf 89' lang='lat' dir='ltr'>magna</span> <span class='ocrx_word' id='word_1_107' title='bbox 887 1442 1030 1511; x_wconf 88' lang='lat' dir='ltr'>mercede,</span> 
     </span>
     <span class='ocr_line' id='line_1_14' title="bbox 88 1540 1032 1617; baseline -0.001 -19"><span class='ocrx_word' id='word_1_108' title='bbox 88 1556 179 1617; x_wconf 86' lang='lat' dir='ltr'>quam</span> <span class='ocrx_word' id='word_1_109' title='bbox 193 1557 250 1615; x_wconf 89' lang='lat' dir='ltr'>ego</span> <span class='ocrx_word' id='word_1_110' title='bbox 265 1541 395 1596; x_wconf 89' lang='lat' dir='ltr'>maximo</span> <span class='ocrx_word' id='word_1_111' title='bbox 411 1540 510 1597; x_wconf 89' lang='lat' dir='ltr'>dolore</span> <span class='ocrx_word' id='word_1_112' title='bbox 525 1558 685 1614; x_wconf 88' lang='lat' dir='ltr'>cognoram</span> <span class='ocrx_word' id='word_1_113' title='bbox 693 1559 701 1611; x_wconf 91' lang='lat'>;</span> <span class='ocrx_word' id='word_1_114' title='bbox 724 1541 760 1598; x_wconf 91' lang='lat' dir='ltr'>de</span> <span class='ocrx_word' id='word_1_115' title='bbox 775 1559 832 1616; x_wconf 89' lang='lat' dir='ltr'>qua</span> <span class='ocrx_word' id='word_1_116' title='bbox 846 1541 955 1597; x_wconf 90' lang='lat' dir='ltr'>ratione</span> <span class='ocrx_word' id='word_1_117' title='bbox 970 1547 1032 1597; x_wconf 89' lang='lat' dir='ltr'>tota</span> 
     </span>
     <span class='ocr_line' id='line_1_15' title="bbox 88 1637 1031 1713; baseline -0.002 -18"><span class='ocrx_word' id='word_1_118' title='bbox 88 1638 150 1696; x_wconf 86' lang='lat' dir='ltr'>iam</span> <span class='ocrx_word' id='word_1_119' title='bbox 162 1638 275 1695; x_wconf 89' lang='lat' dir='ltr'>videtur</span> <span class='ocrx_word' id='word_1_120' title='bbox 288 1638 359 1694; x_wconf 92' lang='lat' dir='ltr'>mihi</span> <span class='ocrx_word' id='word_1_121' title='bbox 373 1639 540 1713; x_wconf 90' lang='lat' dir='ltr'>exponendi</span> <span class='ocrx_word' id='word_1_122' title='bbox 554 1648 669 1712; x_wconf 91' lang='lat' dir='ltr'>tempus</span> <span class='ocrx_word' id='word_1_123' title='bbox 684 1637 753 1709; x_wconf 85' lang='lat' dir='ltr'>dari,</span> <span class='ocrx_word' id='word_1_124' title='bbox 765 1647 797 1695; x_wconf 93' lang='lat' dir='ltr'>ut</span> <span class='ocrx_word' id='word_1_125' title='bbox 810 1638 860 1695; x_wconf 90' lang='lat' dir='ltr'>tibi</span> <span class='ocrx_word' id='word_1_126' title='bbox 875 1637 1031 1695; x_wconf 89' lang='lat' dir='ltr'>rescribam</span> 
     </span>
     <span class='ocr_line' id='line_1_16' title="bbox 88 1735 1031 1812; baseline -0.004 -15"><span class='ocrx_word' id='word_1_127' title='bbox 88 1736 130 1797; x_wconf 85' lang='lat' dir='ltr'>ad</span> <span class='ocrx_word' id='word_1_128' title='bbox 143 1756 186 1806; x_wconf 83' lang='lat' dir='ltr'>ea,</span> <span class='ocrx_word' id='word_1_129' title='bbox 202 1754 276 1812; x_wconf 89' lang='lat' dir='ltr'>quae</span> <span class='ocrx_word' id='word_1_130' title='bbox 297 1737 419 1812; x_wconf 88' lang='lat' dir='ltr'>quaeris.</span> <span class='ocrx_word' id='word_1_131' title='bbox 462 1754 489 1807; x_wconf 82' lang='lat'>4.</span> <span class='ocrx_word' id='word_1_132' title='bbox 512 1735 671 1794; x_wconf 90' lang='lat' dir='ltr'>Certiorem</span> <span class='ocrx_word' id='word_1_133' title='bbox 689 1745 716 1794; x_wconf 90' lang='lat' dir='ltr'>te</span> <span class='ocrx_word' id='word_1_134' title='bbox 734 1755 786 1812; x_wconf 89' lang='lat' dir='ltr'>per</span> <span class='ocrx_word' id='word_1_135' title='bbox 806 1736 912 1794; x_wconf 89' lang='lat' dir='ltr'>litteras</span> <span class='ocrx_word' id='word_1_136' title='bbox 931 1736 1031 1793; x_wconf 90' lang='lat' dir='ltr'>scribis</span> 
     </span>
     <span class='ocr_line' id='line_1_17' title="bbox 88 1833 1030 1909; baseline -0.004 -15"><span class='ocrx_word' id='word_1_137' title='bbox 88 1853 155 1894; x_wconf 90' lang='lat' dir='ltr'>esse</span> <span class='ocrx_word' id='word_1_138' title='bbox 169 1833 277 1893; x_wconf 88' lang='lat' dir='ltr'>factum</span> <span class='ocrx_word' id='word_1_139' title='bbox 291 1852 339 1892; x_wconf 89' lang='lat' dir='ltr'>me</span> <span class='ocrx_word' id='word_1_140' title='bbox 353 1853 419 1892; x_wconf 90' lang='lat' dir='ltr'>curn</span> <span class='ocrx_word' id='word_1_141' title='bbox 435 1833 560 1892; x_wconf 88' lang='lat' dir='ltr'>Caesare</span> <span class='ocrx_word' id='word_1_142' title='bbox 575 1845 683 1892; x_wconf 91' lang='lat' dir='ltr'>etcum</span> <span class='ocrx_word' id='word_1_143' title='bbox 698 1835 796 1909; x_wconf 88' lang='lat' dir='ltr'>Appio</span> <span class='ocrx_word' id='word_1_144' title='bbox 811 1853 873 1892; x_wconf 90' lang='lat' dir='ltr'>esse</span> <span class='ocrx_word' id='word_1_145' title='bbox 888 1835 917 1890; x_wconf 89' lang='lat' dir='ltr'>in</span> <span class='ocrx_word' id='word_1_146' title='bbox 931 1835 1030 1909; x_wconf 88' lang='lat' dir='ltr'>gratia,</span> 
     </span>
     <span class='ocr_line' id='line_1_18' title="bbox 88 1931 1031 2009; baseline -0.002 -18"><span class='ocrx_word' id='word_1_147' title='bbox 88 1943 178 2009; x_wconf 85' lang='lat' dir='ltr'>teque</span> <span class='ocrx_word' id='word_1_148' title='bbox 199 1932 230 1991; x_wconf 93' lang='lat' dir='ltr'>id</span> <span class='ocrx_word' id='word_1_149' title='bbox 250 1950 311 1990; x_wconf 90' lang='lat' dir='ltr'>non</span> <span class='ocrx_word' id='word_1_150' title='bbox 334 1931 544 2008; x_wconf 89' lang='lat' dir='ltr'>reprehendere</span> <span class='ocrx_word' id='word_1_151' title='bbox 570 1933 726 2004; x_wconf 90' lang='lat' dir='ltr'>adscribis;</span> <span class='ocrx_word' id='word_1_152' title='bbox 763 1931 910 1989; x_wconf 87' lang='lat' dir='ltr'>Vatinium</span> <span class='ocrx_word' id='word_1_153' title='bbox 935 1942 1031 1990; x_wconf 90' lang='lat' dir='ltr'>autern</span> 
     </span>
     <span class='ocr_line' id='line_1_19' title="bbox 89 2029 1031 2106; baseline -0.004 -15"><span class='ocrx_word' id='word_1_154' title='bbox 89 2032 164 2091; x_wconf 85' lang='lat' dir='ltr'>scire</span> <span class='ocrx_word' id='word_1_155' title='bbox 179 2040 207 2088; x_wconf 93' lang='lat' dir='ltr'>te</span> <span class='ocrx_word' id='word_1_156' title='bbox 226 2029 296 2088; x_wconf 90' lang='lat' dir='ltr'>velle</span> <span class='ocrx_word' id='word_1_157' title='bbox 314 2030 444 2088; x_wconf 88' lang='lat' dir='ltr'>ostendis</span> <span class='ocrx_word' id='word_1_158' title='bbox 463 2031 567 2106; x_wconf 89' lang='lat' dir='ltr'>quibus</span> <span class='ocrx_word' id='word_1_159' title='bbox 586 2032 672 2088; x_wconf 89' lang='lat' dir='ltr'>rebus</span> <span class='ocrx_word' id='word_1_160' title='bbox 692 2031 834 2088; x_wconf 90' lang='lat' dir='ltr'>adductus</span> <span class='ocrx_word' id='word_1_161' title='bbox 854 2030 1031 2089; x_wconf 87' lang='lat' dir='ltr'>defenderim</span> 
     </span>
     <span class='ocr_line' id='line_1_20' title="bbox 87 2126 1031 2206; baseline -0.001 -19"><span class='ocrx_word' id='word_1_162' title='bbox 87 2138 119 2187; x_wconf 89' lang='lat' dir='ltr'>et</span> <span class='ocrx_word' id='word_1_163' title='bbox 132 2128 281 2186; x_wconf 83' lang='lat' dir='ltr'>laudarim</span> <span class='ocrx_word' id='word_1_164' title='bbox 324 2126 414 2197; x_wconf 86' lang='lat' dir='ltr'>Quod</span> <span class='ocrx_word' id='word_1_165' title='bbox 428 2128 478 2185; x_wconf 93' lang='lat' dir='ltr'>tibi</span> <span class='ocrx_word' id='word_1_166' title='bbox 497 2139 528 2185; x_wconf 88' lang='lat' dir='ltr'>ut</span> <span class='ocrx_word' id='word_1_167' title='bbox 547 2129 660 2204; x_wconf 85' lang='lat' dir='ltr'>planius</span> <span class='ocrx_word' id='word_1_168' title='bbox 677 2147 831 2204; x_wconf 88' lang='lat' dir='ltr'>exponam,</span> <span class='ocrx_word' id='word_1_169' title='bbox 847 2129 929 2187; x_wconf 88' lang='lat' dir='ltr'>altius</span> <span class='ocrx_word' id='word_1_170' title='bbox 945 2130 1031 2206; x_wconf 88' lang='lat' dir='ltr'>paulo</span> 
     </span>
     <span class='ocr_line' id='line_1_21' title="bbox 87 2225 1031 2302; baseline -0.001 -16"><span class='ocrx_word' id='word_1_171' title='bbox 87 2227 232 2286; x_wconf 88' lang='lat' dir='ltr'>rationem</span> <span class='ocrx_word' id='word_1_172' title='bbox 247 2225 433 2283; x_wconf 89' lang='lat' dir='ltr'>consiliorum</span> <span class='ocrx_word' id='word_1_173' title='bbox 447 2244 579 2283; x_wconf 92' lang='lat' dir='ltr'>meorum</span> <span class='ocrx_word' id='word_1_174' title='bbox 594 2236 722 2301; x_wconf 89' lang='lat' dir='ltr'>repetam</span> <span class='ocrx_word' id='word_1_175' title='bbox 737 2244 856 2284; x_wconf 90' lang='lat' dir='ltr'>necesse</span> <span class='ocrx_word' id='word_1_176' title='bbox 871 2238 922 2286; x_wconf 89' lang='lat' dir='ltr'>est.</span> <span class='ocrx_word' id='word_1_177' title='bbox 964 2227 1031 2302; x_wconf 87' lang='lat' dir='ltr'>Ego</span> 
     </span>
     <span class='ocr_line' id='line_1_22' title="bbox 87 2322 1031 2398; baseline -0.001 -15"><span class='ocrx_word' id='word_1_178' title='bbox 87 2342 148 2396; x_wconf 89' lang='lat' dir='ltr'>me,</span> <span class='ocrx_word' id='word_1_179' title='bbox 172 2322 302 2394; x_wconf 89' lang='lat' dir='ltr'>Lentule,</span> <span class='ocrx_word' id='word_1_180' title='bbox 331 2323 412 2380; x_wconf 89' lang='lat' dir='ltr'>initio</span> <span class='ocrx_word' id='word_1_181' title='bbox 436 2341 531 2380; x_wconf 89' lang='lat' dir='ltr'>rerum</span> <span class='ocrx_word' id='word_1_182' title='bbox 556 2334 642 2398; x_wconf 90' lang='lat' dir='ltr'>atque</span> <span class='ocrx_word' id='word_1_183' title='bbox 665 2324 812 2381; x_wconf 90' lang='lat' dir='ltr'>actionum</span> <span class='ocrx_word' id='word_1_184' title='bbox 835 2334 948 2382; x_wconf 90' lang='lat' dir='ltr'>tuarum</span> <span class='ocrx_word' id='word_1_185' title='bbox 971 2344 1031 2382; x_wconf 94' lang='lat' dir='ltr'>non</span> 
     </span>
     <span class='ocr_line' id='line_1_23' title="bbox 88 2420 1029 2497; baseline -0.002 -15"><span class='ocrx_word' id='word_1_186' title='bbox 88 2422 188 2482; x_wconf 87' lang='lat' dir='ltr'>solum</span> <span class='ocrx_word' id='word_1_187' title='bbox 201 2421 273 2479; x_wconf 91' lang='lat' dir='ltr'>meis</span> <span class='ocrx_word' id='word_1_188' title='bbox 288 2420 339 2478; x_wconf 91' lang='lat' dir='ltr'>sed</span> <span class='ocrx_word' id='word_1_189' title='bbox 353 2421 440 2478; x_wconf 90' lang='lat' dir='ltr'>etiarn</span> <span class='ocrx_word' id='word_1_190' title='bbox 454 2421 495 2477; x_wconf 88' lang='lat' dir='ltr'>rei</span> <span class='ocrx_word' id='word_1_191' title='bbox 513 2422 646 2496; x_wconf 86' lang='lat' dir='ltr'>publicae</span> <span class='ocrx_word' id='word_1_192' title='bbox 665 2423 826 2479; x_wconf 89' lang='lat' dir='ltr'>restitutum</span> <span class='ocrx_word' id='word_1_193' title='bbox 841 2424 979 2497; x_wconf 91' lang='lat' dir='ltr'>putabam</span> <span class='ocrx_word' id='word_1_194' title='bbox 994 2433 1029 2494; x_wconf 90' lang='lat' dir='ltr'>et,</span> 
     </span>
     <span class='ocr_line' id='line_1_24' title="bbox 88 2519 1032 2597; baseline 0.001 -19"><span class='ocrx_word' id='word_1_195' title='bbox 88 2520 232 2597; x_wconf 89' lang='lat' dir='ltr'>quoniam</span> <span class='ocrx_word' id='word_1_196' title='bbox 250 2519 301 2576; x_wconf 91' lang='lat' dir='ltr'>tibi</span> <span class='ocrx_word' id='word_1_197' title='bbox 323 2519 518 2577; x_wconf 88' lang='lat' dir='ltr'>incredibilem</span> <span class='ocrx_word' id='word_1_198' title='bbox 537 2519 683 2593; x_wconf 88' lang='lat' dir='ltr'>quendam</span> <span class='ocrx_word' id='word_1_199' title='bbox 703 2537 832 2576; x_wconf 88' lang='lat' dir='ltr'>amorem</span> <span class='ocrx_word' id='word_1_200' title='bbox 846 2529 875 2577; x_wconf 94' lang='lat' dir='ltr'>et</span> <span class='ocrx_word' id='word_1_201' title='bbox 889 2522 988 2578; x_wconf 88' lang='lat' dir='ltr'>omnia</span> <span class='ocrx_word' id='word_1_202' title='bbox 1001 2522 1032 2579; x_wconf 94' lang='lat' dir='ltr'>in</span> 
     </span>
     <span class='ocr_line' id='line_1_25' title="bbox 88 2615 1032 2694; baseline -0.001 -18"><span class='ocrx_word' id='word_1_203' title='bbox 88 2628 121 2677; x_wconf 88' lang='lat' dir='ltr'>te</span> <span class='ocrx_word' id='word_1_204' title='bbox 139 2617 237 2693; x_wconf 92' lang='lat' dir='ltr'>ipsum</span> <span class='ocrx_word' id='word_1_205' title='bbox 258 2633 372 2674; x_wconf 90' lang='lat' dir='ltr'>summa</span> <span class='ocrx_word' id='word_1_206' title='bbox 392 2634 426 2673; x_wconf 87' lang='lat' dir='ltr'>ac</span> <span class='ocrx_word' id='word_1_207' title='bbox 441 2615 595 2690; x_wconf 88' lang='lat' dir='ltr'>singularia</span> <span class='ocrx_word' id='word_1_208' title='bbox 609 2616 703 2673; x_wconf 90' lang='lat' dir='ltr'>studia</span> <span class='ocrx_word' id='word_1_209' title='bbox 717 2616 862 2688; x_wconf 88' lang='lat' dir='ltr'>deberem,</span> <span class='ocrx_word' id='word_1_210' title='bbox 877 2619 917 2675; x_wconf 90' lang='lat' dir='ltr'>rei</span> <span class='ocrx_word' id='word_1_211' title='bbox 940 2619 1032 2694; x_wconf 92' lang='lat' dir='ltr'>publi-</span> 
     </span>
     <span class='ocr_line' id='line_1_26' title="bbox 88 2714 1033 2788; baseline -0.004 -13"><span class='ocrx_word' id='word_1_212' title='bbox 88 2733 154 2783; x_wconf 82' lang='lat' dir='ltr'>cae,</span> <span class='ocrx_word' id='word_1_213' title='bbox 176 2731 250 2788; x_wconf 88' lang='lat' dir='ltr'>quae</span> <span class='ocrx_word' id='word_1_214' title='bbox 271 2722 299 2771; x_wconf 92' lang='lat' dir='ltr'>te</span> <span class='ocrx_word' id='word_1_215' title='bbox 320 2714 350 2770; x_wconf 93' lang='lat' dir='ltr'>in</span> <span class='ocrx_word' id='word_1_216' title='bbox 372 2731 419 2770; x_wconf 89' lang='lat' dir='ltr'>me</span> <span class='ocrx_word' id='word_1_217' title='bbox 440 2714 617 2771; x_wconf 90' lang='lat' dir='ltr'>restituendo</span> <span class='ocrx_word' id='word_1_218' title='bbox 639 2714 761 2771; x_wconf 88' lang='lat' dir='ltr'>multum</span> <span class='ocrx_word' id='word_1_219' title='bbox 782 2716 944 2785; x_wconf 90' lang='lat' dir='ltr'>adiuvisset,</span> <span class='ocrx_word' id='word_1_220' title='bbox 965 2733 1033 2772; x_wconf 90' lang='lat' dir='ltr'>eum</span> 
     </span>
     <span class='ocr_line' id='line_1_27' title="bbox 89 2810 1034 2887; baseline -0.004 -15"><span class='ocrx_word' id='word_1_221' title='bbox 89 2820 170 2872; x_wconf 82' lang='lat' dir='ltr'>certe</span> <span class='ocrx_word' id='word_1_222' title='bbox 187 2828 236 2868; x_wconf 91' lang='lat' dir='ltr'>me</span> <span class='ocrx_word' id='word_1_223' title='bbox 256 2811 385 2867; x_wconf 91' lang='lat' dir='ltr'>animum</span> <span class='ocrx_word' id='word_1_224' title='bbox 403 2811 506 2867; x_wconf 90' lang='lat' dir='ltr'>merito</span> <span class='ocrx_word' id='word_1_225' title='bbox 528 2811 617 2884; x_wconf 90' lang='lat' dir='ltr'>ipsius</span> <span class='ocrx_word' id='word_1_226' title='bbox 639 2810 743 2868; x_wconf 84' lang='lat' dir='ltr'>debere</span> <span class='ocrx_word' id='word_1_227' title='bbox 765 2813 929 2881; x_wconf 89' lang='lat' dir='ltr'>arbitrabar,</span> <span class='ocrx_word' id='word_1_228' title='bbox 946 2830 1034 2887; x_wconf 91' lang='lat' dir='ltr'>quem</span> 
     </span>
     <span class='ocr_line' id='line_1_28' title="bbox 89 2907 1035 2980; baseline -0.004 -11"><span class='ocrx_word' id='word_1_229' title='bbox 89 2918 179 2969; x_wconf 84' lang='lat' dir='ltr'>antea</span> <span class='ocrx_word' id='word_1_230' title='bbox 197 2919 310 2966; x_wconf 90' lang='lat' dir='ltr'>tantum</span> <span class='ocrx_word' id='word_1_231' title='bbox 332 2907 422 2965; x_wconf 90' lang='lat' dir='ltr'>modo</span> <span class='ocrx_word' id='word_1_232' title='bbox 447 2908 595 2966; x_wconf 91' lang='lat' dir='ltr'>communi</span> <span class='ocrx_word' id='word_1_233' title='bbox 617 2908 712 2966; x_wconf 89' lang='lat' dir='ltr'>officio</span> <span class='ocrx_word' id='word_1_234' title='bbox 737 2910 850 2980; x_wconf 89' lang='lat' dir='ltr'>civium,</span> <span class='ocrx_word' id='word_1_235' title='bbox 869 2927 929 2966; x_wconf 90' lang='lat' dir='ltr'>non</span> <span class='ocrx_word' id='word_1_236' title='bbox 950 2910 1035 2966; x_wconf 88' lang='lat' dir='ltr'>alicui</span> 
     </span>
     <span class='ocr_line' id='line_1_29' title="bbox 90 3005 1034 3083; baseline -0.001 -17"><span class='ocrx_word' id='word_1_237' title='bbox 90 3024 164 3083; x_wconf 84' lang='lat' dir='ltr'>erga</span> <span class='ocrx_word' id='word_1_238' title='bbox 176 3024 225 3064; x_wconf 92' lang='lat' dir='ltr'>me</span> <span class='ocrx_word' id='word_1_239' title='bbox 244 3005 381 3082; x_wconf 87' lang='lat' dir='ltr'>singulari</span> <span class='ocrx_word' id='word_1_240' title='bbox 402 3005 543 3063; x_wconf 89' lang='lat' dir='ltr'>beneficio</span> <span class='ocrx_word' id='word_1_241' title='bbox 565 3006 692 3062; x_wconf 90' lang='lat' dir='ltr'>debitum</span> <span class='ocrx_word' id='word_1_242' title='bbox 713 3008 924 3081; x_wconf 87' lang='lat' dir='ltr'>praestitissem.</span> <span class='ocrx_word' id='word_1_243' title='bbox 967 3007 1034 3066; x_wconf 90' lang='lat' dir='ltr'>Hac</span> 
     </span>
     <span class='ocr_line' id='line_1_30' title="bbox 89 3102 1035 3164; baseline -0.001 0"><span class='ocrx_word' id='word_1_244' title='bbox 89 3122 141 3164; x_wconf 89' lang='lat' dir='ltr'>me</span> <span class='ocrx_word' id='word_1_245' title='bbox 154 3114 253 3162; x_wconf 89' lang='lat' dir='ltr'>mente</span> <span class='ocrx_word' id='word_1_246' title='bbox 267 3102 353 3160; x_wconf 87' lang='lat' dir='ltr'>fuisse</span> <span class='ocrx_word' id='word_1_247' title='bbox 369 3112 399 3161; x_wconf 93' lang='lat' dir='ltr'>et</span> <span class='ocrx_word' id='word_1_248' title='bbox 413 3113 529 3160; x_wconf 90' lang='lat' dir='ltr'>senatus</span> <span class='ocrx_word' id='word_1_249' title='bbox 544 3121 580 3160; x_wconf 86' lang='lat' dir='ltr'>ex</span> <span class='ocrx_word' id='word_1_250' title='bbox 594 3121 642 3162; x_wconf 92' lang='lat' dir='ltr'>me</span> <span class='ocrx_word' id='word_1_251' title='bbox 661 3114 689 3161; x_wconf 89' lang='lat' dir='ltr'>te</span> <span class='ocrx_word' id='word_1_252' title='bbox 704 3104 822 3162; x_wconf 88' lang='lat' dir='ltr'>consule</span> <span class='ocrx_word' id='word_1_253' title='bbox 841 3104 948 3162; x_wconf 87' lang='lat' dir='ltr'>audivit</span> <span class='ocrx_word' id='word_1_254' title='bbox 962 3115 990 3162; x_wconf 89' lang='lat' dir='ltr'>et</span> <span class='ocrx_word' id='word_1_255' title='bbox 1004 3115 1035 3163; x_wconf 95' lang='lat' dir='ltr'>tu</span> 
     </span>
     <span class='ocr_line' id='line_1_31' title="bbox 89 3200 1033 3277; baseline 0 -17"><span class='ocrx_word' id='word_1_256' title='bbox 89 3202 124 3261; x_wconf 90' lang='lat' dir='ltr'>in</span> <span class='ocrx_word' id='word_1_257' title='bbox 150 3201 258 3260; x_wconf 90' lang='lat' dir='ltr'>nostris</span> <span class='ocrx_word' id='word_1_258' title='bbox 290 3201 471 3260; x_wconf 88' lang='lat' dir='ltr'>sermonibus</span> <span class='ocrx_word' id='word_1_259' title='bbox 505 3200 802 3276; x_wconf 89' lang='lat' dir='ltr'>collocutionibusque</span> <span class='ocrx_word' id='word_1_260' title='bbox 837 3202 899 3277; x_wconf 92' lang='lat' dir='ltr'>ipse</span> <span class='ocrx_word' id='word_1_261' title='bbox 931 3202 1033 3261; x_wconf 86' lang='lat' dir='ltr'>vidisti.</span> 
     </span>
     <span class='ocr_line' id='line_1_32' title="bbox 91 3298 1034 3375; baseline 0.002 -18"><span class='ocrx_word' id='word_1_262' title='bbox 91 3312 122 3375; x_wconf 78' lang='lat'>5.</span> <span class='ocrx_word' id='word_1_263' title='bbox 141 3298 205 3360; x_wconf 86' lang='lat' dir='ltr'>Etsi</span> <span class='ocrx_word' id='word_1_264' title='bbox 232 3299 291 3357; x_wconf 90' lang='lat' dir='ltr'>iam</span> <span class='ocrx_word' id='word_1_265' title='bbox 318 3298 418 3373; x_wconf 91' lang='lat' dir='ltr'>primis</span> <span class='ocrx_word' id='word_1_266' title='bbox 441 3300 619 3374; x_wconf 92' lang='lat' dir='ltr'>temporibus</span> <span class='ocrx_word' id='word_1_267' title='bbox 643 3300 696 3358; x_wconf 90' lang='lat' dir='ltr'>illis</span> <span class='ocrx_word' id='word_1_268' title='bbox 718 3300 815 3358; x_wconf 90' lang='lat' dir='ltr'>multis</span> <span class='ocrx_word' id='word_1_269' title='bbox 839 3302 923 3358; x_wconf 91' lang='lat' dir='ltr'>rebus</span> <span class='ocrx_word' id='word_1_270' title='bbox 951 3319 1034 3359; x_wconf 90' lang='lat' dir='ltr'>meus</span> 
     </span>
     <span class='ocr_line' id='line_1_33' title="bbox 90 3396 1035 3474; baseline 0 -16"><span class='ocrx_word' id='word_1_271' title='bbox 90 3396 295 3458; x_wconf 81' lang='lat' dir='ltr'>offendebatur</span> <span class='ocrx_word' id='word_1_272' title='bbox 318 3397 440 3468; x_wconf 87' lang='lat' dir='ltr'>animus,</span> <span class='ocrx_word' id='word_1_273' title='bbox 464 3415 531 3457; x_wconf 87' lang='lat' dir='ltr'>eum</span> <span class='ocrx_word' id='word_1_274' title='bbox 559 3408 587 3457; x_wconf 90' lang='lat' dir='ltr'>te</span> <span class='ocrx_word' id='word_1_275' title='bbox 612 3407 716 3474; x_wconf 89' lang='lat' dir='ltr'>agente</span> <span class='ocrx_word' id='word_1_276' title='bbox 745 3397 781 3456; x_wconf 91' lang='lat' dir='ltr'>de</span> <span class='ocrx_word' id='word_1_277' title='bbox 804 3398 913 3474; x_wconf 89' lang='lat' dir='ltr'>reliqua</span> <span class='ocrx_word' id='word_1_278' title='bbox 936 3410 1035 3459; x_wconf 92' lang='lat' dir='ltr'>nostra</span> 
     </span>
    </p>
   </div>
   <div class='ocr_carea' id='block_1_3' title="bbox 0 0 1209 3848">
    <p class='ocr_par' dir='ltr' id='par_1_3' title="bbox 0 0 1209 3848">
     <span class='ocr_line' id='line_1_34' title="bbox 0 0 1209 3848; baseline 0 0"><span class='ocrx_word' id='word_1_279' title='bbox 0 0 1209 3848; x_wconf 95' lang='lat' dir='ltr'> </span> 
     </span>
    </p>
   </div>
  </div>
 </body>
</html>
