2392 3848
123 204 238 289 up.13.]
338 217 451 271 aruer.
472 218 522 266 AD
546 218 711 269 ATTJOUM
729 221 768 273 ιι.
791 224 842 285 24
1018 223 1059 290 33

351 406 397 488 ie.
439 428 497 488 AD
517 429 712 491 ruricort
732 430 772 490 11.
795 451 841 505 24.
886 439 955 537 tf?

269 543 335 605 Sex.
357 543 467 605 Rounu
488 563 582 604 uuusu
604 544 723 604 Suxrrut
744 564 826 604 nuc.
850 548 917 620 695.

437 669 541 710 crcuno
561 669 669 711 nrrrco
688 670 749 710 sun.

168 783 194 823 1.
215 764 301 836 Quis
321 764 473 823 Numestio
496 766 603 824 litteras
622 765 697 836 dedi,
721 767 763 825 sic
785 776 814 824 te
839 767 873 824 iis
894 767 1060 835 evocabam,

123 871 155 921 ut
182 863 253 920 nihil
276 864 369 922 acrius
397 881 493 938 neque
520 864 665 922 incitatius
693 864 754 922 fieri
782 876 899 941 posset:
928 864 965 921 ad
985 864 1062 920 illam

123 961 297 1018 celeritatem
321 960 397 1018 adde
419 961 514 1030 etiam,
535 961 559 1019 si
580 962 651 1036 quid
675 972 768 1038 potes.
810 963 855 1020 Ac
876 981 913 1021 ne
939 963 977 1020 sis
999 981 1062 1038 per-

123 1059 252 1116 turbatus
263 1078 278 1128 ;·
292 1059 359 1116 novi
384 1059 462 1115 enim
486 1067 514 1115 te
536 1067 565 1117 et
592 1077 653 1116 non
676 1060 788 1134 ignorO,
812 1077 900 1134 quam
923 1060 958 1117 sit
981 1077 1063 1117 amor

123 1156 219 1214 ornnis
239 1154 375 1212 sollicitus
394 1165 480 1231 atque
501 1156 612 1225 anxius,
636 1155 687 1213 sed
705 1175 751 1214 res
771 1168 822 1225 est,
840 1165 871 1214 ut
889 1175 982 1232 spero,
1002 1175 1063 1214 non

122 1263 181 1310 tarn
209 1253 287 1310 exitu
314 1251 436 1310 molesta
463 1269 551 1328 quam
583 1251 690 1310 auditu.
736 1273 761 1310 2.
793 1253 906 1312 Vettius
934 1253 989 1325 ille,
1016 1254 1062 1312 ille

122 1359 218 1408 noster
237 1349 334 1419 index,
356 1348 481 1418 Caesari,
503 1359 534 1406 ut
551 1351 749 1426 perspicimus
771 1351 913 1426 pollicitus
935 1362 978 1410 est
998 1371 1062 1410 sese

123 1458 296 1517 curaturum,
321 1457 353 1505 ut
380 1449 409 1504 in
437 1447 563 1523 aliquam
592 1449 781 1523 suspitionem
809 1449 945 1508 facinoris
974 1448 1062 1508 Curio

122 1545 196 1603 filius
228 1545 435 1614 adduceretur;
470 1546 567 1620 itaque
599 1546 758 1604 insinuatus
787 1547 817 1604 in
845 1547 1063 1605 familiaritatem

121 1642 313 1701 adulescentis
333 1651 362 1700 et
382 1660 450 1699 curn
468 1660 513 1711 e0,
532 1652 564 1700 ut
582 1661 628 1701 res
648 1644 763 1713 indicat,
782 1662 869 1720 saepe
889 1663 1063 1720 congressus

122 1758 183 1798 rem
203 1741 233 1797 in
252 1758 318 1797 eurn
339 1739 436 1797 locum
458 1740 585 1810 deduxit,
607 1750 639 1799 ut
660 1741 768 1800 diceret
790 1742 845 1800 sibi
865 1753 975 1801 certum
999 1760 1063 1800 esse

122 1856 190 1896 cum
215 1837 273 1895 suis
302 1838 389 1897 servis
411 1838 442 1894 in
464 1835 638 1914 Pompeium
660 1840 801 1914 impetum
823 1839 918 1897 facere
939 1858 1063 1916 eumque

123 1935 264 1994 occidere.
307 1933 375 1992 Hoc
400 1932 488 1992 Curio
511 1936 548 1994 ad
577 1946 687 2011 patrem
712 1936 820 2007 detulit,
845 1937 892 1995 ille
916 1937 952 1995 ad
976 1936 1062 1995 Pont-

123 2033 239 2108 peium;
264 2049 309 2089 res
329 2031 423 2089 delata
439 2033 477 2090 ad
502 2043 634 2091 senatum
657 2045 709 2091 est.
751 2034 937 2093 Introductus
951 2035 1063 2094 Vettius

122 2130 218 2205 primo
245 2129 371 2204 negabat
399 2147 430 2188 se
457 2147 598 2207 umquam
630 2150 699 2190 cum
727 2131 854 2191 Curione
884 2134 1061 2205 constitisse3

122 2245 218 2302 neque
231 2227 262 2285 id
276 2246 346 2286 sane
358 2228 419 2285 diu:
441 2245 509 2286 nam
523 2229 619 2286 statim
634 2229 721 2287 fidem
736 2230 881 2304 publicam
892 2230 1046 2306 postulavit
1054 2253 1062 2304 ;

122 2327 309 2384 reclamatum
324 2336 376 2384 est.
418 2326 497 2384 Turn
513 2328 647 2403 exposuit
665 2347 787 2386 manum
802 2328 892 2386 fuisse
911 2330 1064 2388 iuventutis

122 2425 199 2484 duce
216 2424 352 2496 Curione,
377 2426 408 2483 in
424 2443 482 2500 qua
501 2424 607 2484 Paulus
627 2427 707 2485 initio
727 2426 826 2484 luisset
847 2435 876 2484 et
895 2426 933 2498 Q.
953 2425 1063 2503 Caepio

122 2524 170 2581 hic
198 2521 303 2582 Brutus
330 2532 359 2582 et
383 2523 530 2593 Lentulus,
559 2523 683 2582 flaminis
711 2524 793 2595 filius,
821 2525 940 2582 conscio
965 2539 1062 2600 patre;

122 2630 225 2697 postea
248 2620 281 2678 C.
308 2620 489 2696 Septimium,
514 2622 638 2680 scribam
664 2619 768 2692 Bibuli,
789 2623 948 2698 pugionem
971 2623 1025 2681 sibi
1047 2641 1064 2678 a

123 2717 228 2776 Bibulo
243 2719 382 2777 attulisse:
402 2720 483 2794 quod
497 2729 590 2777 totum
605 2720 718 2776 irrisum
732 2729 784 2790 est,
793 2719 892 2777 Vettio
906 2721 1064 2796 pugionem

124 2814 260 2881 defuisse,
280 2816 333 2873 nisi
354 2817 381 2874 ei
400 2816 655 2907 congplhdedisset,
675 2835 769 2892 eoque
788 2818 882 2892 magis
897 2817 926 2874 id
940 2818 1063 2875 eiectum

123 2923 178 2980 est,
198 2912 277 2988 quod
297 2930 321 2970 a.
334 2913 360 2971 d.
381 2932 423 2972 111.
432 2876 515 2971 fidis
536 2912 605 2972 Mai.
625 2912 745 2973 Bibulus
767 2914 940 2990 Pompeium
959 2914 1064 2972 fecerat

123 3010 286 3078 certiorem,
300 3022 332 3067 ut
346 3021 458 3069 caveret
472 3010 609 3082 insidias;
631 3012 661 3068 in
676 3029 735 3087 quo
749 3013 776 3070 ei
790 3012 946 3089 Pompeius
960 3013 1064 3088 gratias

122 3116 233 3184 egerat.
276 3126 302 3181 3.
332 3107 516 3168 Introductus
538 3108 626 3168 Curio
654 3109 728 3168 filius
756 3110 826 3168 dixit
854 3110 892 3167 ad
919 3128 962 3180 ea,
989 3128 1064 3186 quae

122 3204 239 3265 Vettius
267 3206 384 3275 dixerat,
409 3209 593 3283 maximeque
619 3208 649 3264 in
674 3226 710 3267 eo
730 3218 792 3266 turn
813 3207 930 3283 quidem
951 3207 1064 3267 Vettius

123 3313 170 3363 est
193 3302 394 3378 reprehensus
416 3305 497 3379 quod
518 3304 628 3363 dixerat
652 3305 877 3364 adulescentium
902 3306 1062 3376 consilium,

123 3411 156 3461 ut
174 3401 205 3460 in
223 3400 288 3461 loro
303 3396 397 3483 [cum]
419 3402 624 3478 gladiatoribus
643 3402 761 3462 Gabinii
777 3402 950 3481 Pompeium
969 3404 1064 3464 adori-

586 3517 606 3559 1)
