2498 3840
141 176 209 267 Α164
306 244 309 253 ,
416 189 456 246 m.
480 190 599 240 rnrrrr
616 190 855 246 nicanorus·
964 175 1083 261 [emm

144 348 218 406 dum
236 347 308 407 haec
330 345 531 420 decernuntur,
546 367 621 424 quae
641 350 701 407 iam
722 357 805 407 erunt
825 346 969 410 coniecta.
1011 346 1046 406 ld
1062 346 1085 404 si

143 443 256 528 leceris,
272 456 301 502 et
317 464 374 521 ego
394 457 422 504 te
444 447 588 524 sapienter
606 446 710 507 fecisse
730 446 867 506 iudicabo
886 456 916 505 et
934 444 1085 505 Caesarem

144 559 208 600 non
221 543 363 602 offendes.

344 705 392 760 70.
434 698 491 759 AD
513 698 765 760 FAMILIARES
787 700 826 760 11.
851 701 897 759 16.

267 814 332 875 Sca.
354 833 385 873 m
406 813 533 875 Cumano
554 834 648 874 nausa
668 816 776 875 Aram
796 833 881 875 auc.
905 828 974 892 705.

364 938 395 979 m.
418 939 521 980 crosno
542 939 601 979 rur.
622 939 645 981 s.
666 940 694 982 u.
716 940 745 980 m
765 939 878 981 castro.

150 1071 152 1090 2
195 1052 221 1094 r.
242 1032 356 1094 lllacuo
373 1035 475 1093 dolore
492 1053 540 1093 me
556 1035 730 1095 adfecissent
748 1045 814 1094 tuae
832 1037 950 1109 litterae,
966 1037 1022 1097 nisi
1035 1037 1090 1097 iam

147 1140 178 1195 et
192 1132 263 1189 ratio
281 1132 345 1207 ipsa
361 1131 518 1208 depulisset
537 1151 640 1191 omnes
659 1133 807 1192 molestias
826 1143 855 1192 et
876 1133 1012 1194 diuturna
1028 1134 1089 1193 des·

150 1229 300 1305 peratione
314 1248 410 1287 rerum
430 1231 613 1289 obduruisset
629 1231 743 1290 animus
759 1231 797 1290 ad
816 1230 948 1290 dolorem
968 1248 1089 1303 novum3

151 1325 203 1384 sed
217 1335 323 1397 tamen,
335 1344 394 1401 qua
408 1345 438 1385 re
453 1328 588 1386 acciderit
602 1336 633 1386 ut
647 1347 683 1386 ex
697 1329 770 1388 meis
785 1329 981 1404 superioribus
996 1329 1092 1389 litteris

149 1421 181 1490 id
196 1423 382 1498 suspicarere,
398 1425 478 1500 quod
493 1426 600 1496 scribis,
616 1427 729 1485 nescio:
752 1427 822 1504 quid
836 1428 916 1485 enim
928 1428 960 1484 in
974 1428 1030 1487 illis
1042 1427 1093 1487 fuit

150 1531 264 1600 praeter
284 1523 432 1597 querelam
452 1525 637 1599 temporum?
666 1542 741 1600 quae
762 1542 823 1583 non
843 1543 943 1583 meum
964 1526 1093 1584 animum

151 1621 246 1696 magis
274 1619 427 1678 sollicitum
452 1620 559 1678 habent
587 1639 675 1697 quam
699 1630 790 1680 tuum.
832 1621 912 1681 Nam
939 1639 1003 1683 non
1030 1640 1094 1681 eam

152 1717 279 1792 cognovi
298 1718 391 1774 aciem
405 1718 514 1792 ingenii
527 1719 576 1789 tui,
592 1719 673 1795 quod
687 1719 749 1794 ipse
763 1719 886 1789 videam,
901 1728 930 1778 te
944 1719 975 1777 id
989 1730 1095 1779 utnon

151 1825 252 1890 putem
276 1814 389 1872 videre:
417 1814 488 1872 illud
510 1816 608 1887 miror,
633 1816 739 1874 adduci
759 1817 888 1892 potuisse
910 1826 948 1888 te,
973 1819 1025 1894 qui
1048 1836 1095 1877 me

152 1912 268 1988 penitus
282 1929 370 1970 nosse
388 1911 517 1982 deberes,
532 1921 564 1970 ut
581 1913 759 1972 existimares
773 1923 823 1971 aut
841 1931 889 1972 me
908 1925 969 1973 tam
988 1917 1095 1993 impro-

152 2009 261 2079 vidum,
283 2009 332 2087 qui
357 2010 394 2066 ab
416 2009 539 2067 excitata
560 2010 676 2069 fortuna
696 2010 734 2068 ad
759 2010 926 2069 inclinatam
951 2023 981 2071 et
1004 2031 1095 2091 prope

152 2108 298 2164 iacentem
312 2106 514 2177 desciscerem,
529 2117 578 2164 aut
591 2118 651 2165 tam
664 2108 886 2179 inconstantem,
898 2119 930 2166 ut
944 2110 1097 2171 collectam

153 2204 278 2280 gratiam
299 2204 494 2262 florentissimi
513 2205 640 2264 hominis
661 2206 840 2264 effunderem
864 2224 883 2265 a
906 2226 1015 2284 meque
1036 2210 1097 2287 ipse

155 2302 311 2360 deficerem
330 2311 367 2374 et,
382 2301 463 2379 quod
481 2302 562 2360 initio
585 2321 757 2379 semperque
776 2302 845 2379 lugi,
861 2304 936 2363 civili
956 2306 1035 2365 bello
1055 2308 1097 2364 in-

156 2409 304 2458 teressem.
348 2420 375 2459 a.
397 2400 488 2473 Quod
505 2409 548 2459 est
566 2401 653 2476 igitur
673 2419 772 2460 meum
794 2403 891 2460 ‘triste
906 2406 1098 2466 consilium'?

157 2508 189 2564 ut
207 2497 383 2555 discederem
398 2496 519 2556 fortasse
534 2497 563 2555 in
582 2499 692 2574 aliquas
714 2499 906 2559 solitudines?
927 2504 1006 2561 nosti
1020 2506 1097 2563 enim

157 2612 218 2670 non
245 2594 336 2653 modo
358 2595 507 2659 ,stomachi
534 2596 601 2665 mei,
630 2596 710 2654 cuius
737 2605 770 2654 tu
796 2597 920 2656 similem
947 2602 1099 2675 quondam

156 2692 295 2762 habebas,
320 2691 482 2751 sedetiam
506 2694 658 2752 oculorum
680 2695 711 2750 in
734 2692 887 2751 hominum
911 2696 1098 2757 insolentium

156 2789 327 2864 indignitate
341 2790 503 2864 fastidium3
525 2791 637 2849 accedit
656 2791 742 2849 etiam
761 2789 884 2849 molesta
902 2791 975 2851 haec
989 2812 1099 2872 pompa

156 2888 291 2971 lictorum
310 2905 444 2946 meorum
462 2906 631 2963 nomenque
645 2888 765 2964 imperii,
781 2906 841 2964 quo
856 2890 1004 2966 appellort
1025 2895 1099 2953 enai

156 3003 246 3044 onere
267 3003 404 3056 carerem,
423 2986 553 3061 quamvis
574 2986 668 3060 parvis
689 2985 789 3043 ltaliae
809 2986 926 3044 latebris
946 2999 1101 3050 contentus

159 3100 262 3140 essem.
306 3082 364 3140 Sed
387 3082 505 3141 incurrit
526 3081 599 3140 haec
623 3092 723 3140 nostra
743 3082 841 3142 laurus
863 3101 925 3142 non
948 3086 1048 3144 solum
1070 3087 1101 3147 im

159 3178 268 3249 oculos,
291 3178 343 3238 sed
364 3179 423 3238 iarn
446 3179 534 3238 etiam
557 3180 589 3237 in
609 3179 725 3238 voculas
750 3179 967 3240 malevolorum.
1010 3183 1100 3256 Quod

160 3294 228 3341 curn
251 3276 291 3334 ita
315 3286 399 3347 esset,
423 3276 465 3334 nil
489 3285 586 3334 tamen
611 3294 751 3353 umquam
780 3277 817 3335 de
839 3278 1022 3352 profectione
1046 3282 1101 3341 nisi

160 3373 244 3465 yobis
271 3373 498 3454 adprobantibus
527 3374 658 3453 cogitavi
691 3373 759 3463 ¹Sed
787 3392 854 3434 mea
878 3375 1028 3455 praediola
1051 3379 1101 3439 tibi
