2392 3848
121 212 222 277 easy,
234 200 291 285 ra]
304 212 419 268 nrrsr.
439 214 490 264 Aa
510 215 677 266 armentu
698 218 777 266 vm.
803 218 842 288 15
862 214 896 264 a.
1008 218 1070 288 ¹43

121 362 168 427 iis,
192 363 245 441 qut
272 381 341 423 eum
367 366 493 424 maxime
521 367 683 437 timuerant,
708 367 833 425 maxime
861 366 999 443 diligetur.
1043 384 1070 423 2.

121 456 254 519 Multum
271 479 389 521 mecum
407 462 598 540 municipales
617 463 751 522 homines
770 463 935 539 loquuntur,
948 461 1070 520 multum

121 556 278 617 rusticani:
312 557 384 615 nihil
415 576 532 634 prorsus
565 560 642 618 aliud
676 571 779 619 curant
807 561 862 618 nisi
891 577 987 635 agros,
1015 559 1070 616 nisi

122 653 244 727 villulas,
258 654 314 712 nisi
327 656 495 715 nummulos
510 674 587 716 suos.
628 658 667 716 Et
680 658 755 727 vide,
766 675 855 733 quarn
871 674 1011 715 conversa
1024 673 1070 713 res

123 751 177 823 eit3
198 750 291 823 illum,
305 769 365 829 quo
386 763 472 811 antea
493 754 688 825 confidebant,
708 766 849 824 metuunt,
864 754 941 812 hunc
963 763 1069 822 amant,

123 866 215 927 quem
248 849 397 908 timebant„
442 849 478 908 ld
506 853 621 926 quantis
649 853 756 910 nostris
784 851 911 928 peccatis
938 851 1069 925 vitiisque

123 947 262 1017 evenerit,
270 964 332 1005 nou
346 964 467 1023 possum
482 948 544 1004 sine
557 948 692 1007 molestia
706 950 841 1023 cogitare.
877 947 962 1020 Quae
973 956 1069 1005 autem

123 1043 295 1121 impendere
312 1053 452 1119 putarem,
467 1044 639 1120 scripseram
657 1045 695 1103 ad
714 1057 750 1117 te,
764 1057 793 1104 et
807 1047 866 1104 iam
881 1058 944 1105 tuas
961 1046 1070 1104 litteras

124 1142 343 1219 exspectabam.

305 1248 352 1305 58.
394 1245 455 1306 AD
473 1247 668 1308 ATTICUM
689 1249 773 1310 VIII.
798 1264 834 1325 15
855 1249 892 1311 A.

382 1361 491 1403 narnus
511 1363 645 1405 cremum
665 1366 725 1407 mn.
746 1366 808 1406 san.

167 1471 194 1513 1.
216 1450 353 1511 Ousrcno
372 1458 410 1520 te,
425 1448 537 1520 Cicero,
557 1453 670 1529 suscipe
692 1471 791 1512 curam
811 1463 841 1512 et
861 1452 1068 1527 cogitationem

123 1546 327 1623 dignissimam
353 1554 420 1601 tuae
447 1544 564 1614 virtutis,
592 1554 624 1602 ut
651 1546 808 1605 Caesarem
839 1559 868 1605 et
896 1545 1069 1620 Pompeium

123 1642 248 1721 perfidia
264 1640 417 1699 hominum
437 1640 589 1700 distractos
608 1661 705 1701 rursus
726 1645 757 1701 in
775 1645 926 1719 pristInam
947 1659 1069 1700 concor·

124 1742 205 1801 diam
225 1738 356 1798 reducas.
397 1736 491 1795 Crede
511 1738 581 1796 mihi
601 1739 757 1799 Caesarem
776 1759 836 1799 non
857 1741 952 1799 solum
971 1740 1000 1795 in
1020 1749 1069 1795 tua

124 1845 279 1915 potestate,
293 1834 447 1894 sedetiam
468 1836 628 1894 maximum
649 1839 823 1896 beneficium
842 1847 870 1896 te
885 1839 939 1895 sibi
953 1836 1069 1894 dedisse

123 1936 327 2002 iudicaturum,
354 1932 379 1989 si
402 1931 459 1989 huc
486 1943 514 1990 te
541 1935 642 1994 reiicis.
683 1935 779 1993 Velim
807 1937 885 1994 idem
912 1933 1068 2008 Pompeius

123 2032 221 2103 saciat,
234 2030 284 2107 qui
305 2037 337 2086 ut
355 2028 460 2087 adduci
481 2029 530 2087 tali
550 2039 682 2107 tempore
697 2033 734 2090 ad
754 2033 843 2091 ullam
864 2032 1068 2091 condicionem

122 2128 228 2207 possit,
249 2126 344 2200 magis
363 2135 435 2201 opto
455 2144 544 2203 quam
564 2145 669 2202 spero;
691 2130 750 2197 sed,
773 2149 840 2188 cum
862 2127 1018 2188 constiterit
1039 2135 1068 2183 et

123 2228 228 2285 timere
241 2222 364 2292 desierit,
378 2234 440 2279 tum
460 2223 595 2299 incipiam
609 2242 671 2283 non
685 2226 838 2302 desperare
852 2238 932 2284 tuam
945 2225 1068 2283 auctori-

122 2334 215 2383 tatem
229 2320 384 2397 plurimum
398 2320 476 2395 apud
491 2338 558 2377 eum
568 2321 724 2381 valituram.
771 2344 796 2382 a.
811 2325 901 2396 Quod
912 2322 1068 2381 Lentulum

124 2414 304 2501 [consulem]
333 2433 431 2474 meum
459 2417 570 2475 voluisti
598 2418 646 2477 hic
673 2438 829 2492 remanere,
859 2419 976 2479 Caesari
1003 2437 1068 2495 gra-

122 2530 197 2590 tnm,
220 2514 290 2574 mihi
314 2531 383 2571 vero
405 2514 600 2588 gratissimum
621 2516 840 2577 mediusfidius
861 2518 969 2589 fecisti3
999 2534 1069 2574 nam

123 2616 206 2677 illum
219 2613 291 2673 tanti
304 2610 389 2681 facio,
403 2619 436 2667 ut
454 2628 516 2668 non
531 2609 688 2671 Caesarem
707 2617 800 2690 magis
814 2615 950 2690 diligam;
973 2615 1022 2689 qui
1043 2616 1068 2672 si

122 2729 230 2791 passus
238 2719 316 2769 esset
329 2725 384 2766 nos
395 2719 544 2778 secum,ut
558 2728 809 2784 consueveramus,
823 2713 903 2788 loqui
917 2722 946 2769 et
959 2729 1020 2769 non
1036 2729 1067 2769 se

122 2820 221 2871 totum
233 2808 320 2866 etiam
334 2816 363 2864 et
376 2807 462 2863 etiam
481 2807 519 2864 ab
533 2825 667 2866 sermone
682 2820 782 2867 nostro
800 2811 956 2879 avertisset,
970 2810 1067 2868 minus

122 2908 221 2977 miser,
234 2922 324 2982 quam
343 2921 416 2973 sum,
432 2922 535 2962 essem.
577 2904 656 2963 Nam
677 2924 746 2965 cave
765 2918 849 2981 putes
867 2907 923 2965 hoc
936 2916 1067 2982 tempore

122 3006 191 3083 plus
210 3022 259 3061 me
280 3018 455 3079 quemqnam
477 3002 603 3074 cruciari,
626 3004 802 3080 quodcum,
824 3021 911 3081 quem
932 3013 998 3062 ante
1019 3023 1067 3062 me

122 3102 223 3179 diligo,
236 3101 321 3159 video
335 3100 365 3157 in
380 3100 531 3159 consulatu
543 3100 654 3176 quidvis
669 3102 765 3176 potius
780 3121 843 3160 esse
858 3120 946 3178 quam
960 3120 1067 3161 consu-

122 3201 191 3260 lem.
232 3196 324 3269 Quod
337 3197 362 3254 si
380 3196 499 3255 voluerit
517 3198 567 3255 tibi
586 3200 785 3275 obtemperare
800 3210 829 3256 et
842 3200 927 3257 nobis
942 3201 978 3258 de
993 3200 1067 3259 Cae-

123 3316 188 3357 sare
212 3296 331 3355 credere
355 3304 384 3354 et
407 3295 591 3353 consulatum
615 3297 756 3373 reliquum
782 3295 896 3355 Romae
919 3316 1066 3373 peragere,

122 3392 261 3471 incipiam
282 3408 397 3471 sperare
418 3393 505 3451 etiam
527 3392 648 3451 consilio
673 3404 798 3467 senatus,
821 3406 938 3453 auctore
960 3404 998 3467 te,
1019 3395 1067 3454 illo
