2392 3848
125 199 321 283 ap.13a,139.]
342 210 454 264 arrsr.
470 212 519 261 an
533 214 803 266 rrrrrrmnrrsx.
824 221 872 268 11.
1003 203 1063 285 267

121 361 146 419 si
166 378 214 419 me
235 361 376 439 intellegis
397 363 506 422 nullum
528 383 623 440 neque
642 364 802 442 periculum
821 384 915 442 neque
934 366 1064 425 laborem

121 460 230 535 patriae
259 459 429 535 denegasse,
458 462 482 518 si
511 473 611 520 contra
639 463 902 539 importunissimos
936 464 1064 522 latrones

122 574 204 614 arma
217 558 282 632 cepi
300 569 328 615 te
342 557 474 616 hortante
493 568 522 617 et
542 570 669 631 auctore,
685 561 709 618 si
729 578 790 617 non
810 560 906 618 solum
923 561 1065 620 exercitus

123 654 236 712 adrem
256 655 402 730 publicam
424 656 641 734 libertatemque
656 658 870 717 defendendam
890 661 1064 733 comparavi,

122 751 275 810 sedetiam
290 751 493 812 crudelissimis
508 757 635 831 tyrannis
649 757 749 832 eripui,
764 773 839 832 quos
854 756 877 813 si
893 768 1066 830 occupasset

124 848 284 919 Dolabella,
312 867 373 907 non
402 851 497 909 solum
525 852 659 922 adventu,
682 854 734 912 sed
757 853 844 911 etiam
869 853 1007 928 opinione
1035 863 1064 913 et

122 949 339 1023 exspectatione
362 951 503 1008 exercitus
531 953 575 1008 sui
599 952 760 1009 Antonium
786 951 995 1010 confirmasset.
1038 972 1064 1026 3.

124 1043 208 1116 Quas
228 1045 268 1102 ob
289 1064 335 1104 res
357 1048 460 1105 milites
478 1059 565 1119 tuere,
580 1050 604 1106 si
625 1066 677 1106 eos
697 1048 816 1106 mirifice
838 1049 875 1106 de
896 1067 926 1106 re
948 1049 1066 1123 publica

123 1143 241 1200 meritos
252 1160 316 1201 esse
328 1145 537 1214 animadvertis,
551 1157 580 1204 et
592 1147 681 1217 effice,
693 1164 731 1203 ne
745 1162 834 1220 quem
844 1145 990 1221 paeniteat
1003 1164 1065 1203 rem

122 1238 268 1312 publicam
278 1258 366 1316 quam
381 1260 463 1316 spem
478 1244 602 1317 praedae
615 1253 643 1300 et
657 1243 821 1318 rapinarum
831 1242 913 1317 sequi
921 1242 1064 1301 maluisse.

122 1334 198 1394 Item
219 1336 314 1396 Murci
335 1347 363 1396 et
385 1337 480 1416 Crispi
501 1341 709 1415 imperatorum
730 1340 910 1414 dignitatem,
925 1348 1065 1413 quantum

122 1434 210 1493 estin
224 1445 261 1505 te,
276 1444 371 1495 tuere:
394 1456 462 1495 nam
477 1438 585 1497 Bassus
605 1439 709 1496 misere
728 1439 820 1496 noluit
833 1438 904 1495 mihi
919 1437 1065 1512 legionem

122 1531 251 1604 tradere;
280 1534 360 1607 quod
381 1535 435 1591 nisi
457 1535 560 1593 milites
581 1535 671 1593 invito
696 1553 733 1593 eo
754 1535 865 1610 legatos
887 1534 923 1593 ad
944 1552 992 1590 me
1013 1534 1065 1590 mi-

123 1631 235 1697 sissent,
250 1631 377 1688 clausam
398 1631 561 1706 Apameam
583 1633 731 1702 tenuisset,
748 1632 848 1708 quoad
868 1632 895 1689 vi
917 1640 994 1689 esset
1014 1650 1065 1688 ex-

122 1737 260 1803 pugnata·
303 1726 387 1785 Haec
407 1747 425 1786 a
443 1738 469 1784 te
492 1738 560 1803 peto
579 1746 641 1786 non
663 1728 760 1786 solum
777 1729 817 1785 rei
832 1728 974 1804 publicae,
990 1746 1066 1802 quae

121 1825 173 1883 tibi
202 1843 317 1900 semper
344 1825 395 1882 iuit
423 1827 577 1896 carissima,
601 1827 653 1884 sed
674 1827 762 1885 etiam
784 1826 927 1884 amicitiae
948 1837 1065 1884 nostrae

122 1921 250 1991 nomine,
261 1940 349 1996 quam
365 1922 482 1981 confido
494 1924 572 1998 apud
581 1935 608 1981 te
623 1925 778 1999 plurimum
793 1941 890 1999 posse.
927 1942 953 1995 4.
970 1922 1064 1982 Crede

122 2018 193 2076 mihi
213 2019 291 2078 hunc
313 2022 479 2092 exercitum,
494 2041 583 2098 quem
604 2022 706 2092 habeo,
722 2034 839 2080 senatus
857 2031 944 2098 atque
963 2023 1064 2097 optimi

123 2118 262 2192 cuiusque
282 2136 345 2175 esse
366 2119 550 2194 maximeque
571 2131 662 2189 tuum,
677 2119 713 2177 de
729 2120 810 2178 cuius
829 2119 976 2177 voluntate
989 2118 1064 2176 adsi-

123 2214 179 2272 due
199 2214 344 2272 audiendo
366 2215 484 2273 mirifice
505 2226 534 2273 te
556 2217 647 2292 diligit
668 2234 825 2291 carumque
847 2216 951 2273 habet:
973 2218 1066 2291 quisi

122 2312 291 2369 intellexerit
306 2312 463 2370 commoda
483 2331 536 2371 sua
550 2331 635 2372 curae
655 2313 705 2372 tibi
725 2332 799 2384 esse,
814 2314 919 2372 debere
935 2313 1021 2372 etiam
1036 2332 1067 2372 se

122 2410 174 2467 tibi
188 2411 285 2466 omnia
300 2409 420 2485 putabit.

165 2521 193 2579 5.
214 2506 329 2565 Litteris
344 2509 456 2583 scriptis
467 2507 561 2565 audivi
572 2508 756 2567 Dolabellam
772 2510 800 2567 in
811 2508 941 2568 Ciliciam
956 2511 1068 2568 venisse

123 2623 191 2665 cum
213 2605 271 2662 suis
292 2605 399 2680 copiis:
422 2605 588 2680 proficiscar
608 2608 639 2663 in
659 2606 799 2666 Ciliciam.
842 2605 931 2678 Quod
950 2609 1067 2682 egerim,

124 2703 252 2762 celeriter
266 2713 296 2760 nt
311 2702 394 2771 scias,
410 2703 487 2760 dabo
506 2721 644 2778 operam;
666 2722 704 2762 ac
715 2705 808 2774 velim,
824 2714 855 2761 ut
872 2722 1016 2761 meremur
1031 2704 1068 2762 de

123 2820 155 2859 re
179 2800 302 2876 publica,
326 2801 367 2858 sic
393 2799 490 2858 felices
511 2801 609 2859 simus.
650 2801 710 2860 Fac
731 2802 826 2860 valeas
851 2819 956 2876 meque
979 2820 1067 2863 ames

123 2897 220 2956 Nonis
235 2897 322 2955 Maiis
338 2916 373 2954 ex
389 2898 498 2957 castris.

316 3015 382 3068 139.
424 3011 480 3068 AD
501 3011 753 3070 FAMILIARES
774 3011 811 3072 X.
836 3031 881 3071 rr.

182 3106 248 3168 Sca.
270 3127 301 3166 m
322 3108 548 3168 Aaronnooraus
569 3128 608 3168 vr.
630 3109 700 3169 Inus
722 3109 819 3168 Manis
840 3127 923 3170 nuc.
947 3125 1013 3187 711.

456 3224 581 3265 renuens
602 3225 743 3267 creanonu.

169 3323 194 3362 r.
216 3304 408 3362 quoxrxarrs
429 3322 486 3380 ago
507 3305 557 3361 tibi
578 3305 684 3380 gratias
705 3322 849 3381 agamque
870 3305 939 3365 dum
954 3308 1065 3380 vivam3

124 3419 194 3461 nam
216 3401 371 3459 relaturum
395 3418 442 3459 me
463 3400 615 3459 adfirmare
637 3419 697 3460 non
719 3419 856 3479 possum:
882 3405 968 3463 tantis
988 3406 1067 3464 enim
