2392 3848
123 217 168 283 ap„
185 202 242 289 aa]
336 217 449 270 ωηεν.
472 218 522 266 an
543 218 767 267 FAMILIARES
786 220 811 269 1.
836 219 866 288 7.
1026 205 1068 289 69

122 370 297 445 cuiusquam
319 370 430 429 iniuria.
472 369 583 447 Magna
605 381 648 428 est
672 369 824 428 hominum
846 369 947 445 opinio
973 368 1009 427 de
1031 377 1068 438 te,

122 484 235 543 magna
256 468 472 526 commendatio
496 468 679 538 liberalitatis,
700 485 808 542 magna
832 467 975 524 memoria
997 485 1069 524 con·

123 564 237 624 sulatus
272 567 332 624 tui:
366 566 438 625 haec
472 566 604 642 profecto
631 567 711 624 vides
745 575 853 642 quanto
889 566 1070 640 expressiora

123 674 295 740 quantoque
309 664 459 724 illustriora
474 665 569 724 futura
587 666 652 735 sint,
667 683 736 724 cum
756 664 934 739 aliquantum
951 682 987 720 ex
1002 680 1070 738 pro-

123 760 221 819 vincia
234 774 322 838 atque
336 780 372 820 ex
386 763 509 838 imperio
524 763 616 821 laudis
632 762 792 821 accesserit.
834 760 1021 836 Quamquam
1041 768 1070 817 te

123 857 166 915 ita
196 874 297 933 gerere
324 859 391 918 volo
426 879 499 936 quae
526 880 579 936 per
607 861 764 919 exercitum
798 869 884 935 atque
916 858 1070 932 imperium

123 954 256 1031 gerenda
275 965 350 1028 sunt,
364 967 397 1015 ut
411 957 483 1015 haec
500 958 592 1016 multo
610 968 676 1015 ante
695 957 841 1027 meditere,
856 956 914 1014 huc
933 965 961 1012 te
975 973 1069 1031 pares,

124 1051 201 1111 haec
221 1052 342 1129 cogites,
363 1055 401 1113 ad
424 1054 496 1112 haec
516 1065 544 1114 te
570 1073 706 1114 exerceas
730 1054 965 1130 sentiasque-id
989 1053 1070 1129 quod

124 1150 197 1226 quia
210 1168 325 1226 semper
341 1153 471 1228 sperasti,
490 1171 552 1211 non
574 1153 674 1211 dubito
693 1155 763 1228 quin
780 1153 902 1227 adeptus
921 1151 1070 1226 intellegas

123 1256 198 1305 —te
217 1246 350 1307 facillime
367 1267 455 1325 posse
475 1251 605 1308 obtinere
626 1269 773 1309 summurn
794 1261 879 1324 atque
901 1249 1071 1307 altissimum

124 1345 252 1423 gradum
272 1347 401 1407 civitatis.
443 1347 527 1419 Quae
548 1349 667 1424 quidem
690 1366 757 1406 mea
777 1346 939 1406 cohortatio
960 1365 997 1404 ne
1017 1345 1070 1403 tibi

124 1442 223 1502 inanis
249 1455 299 1503 aut
326 1446 388 1503 sine
417 1464 505 1504 causa
532 1456 666 1523 suscepta
689 1447 826 1514 videatur,
849 1445 896 1503 illa
923 1463 971 1502 me
998 1445 1070 1502 ratio

124 1541 227 1611 movit,
243 1552 276 1600 ut
290 1552 317 1601 te
332 1562 368 1601 ex
383 1545 488 1602 nostris
503 1545 612 1602 eventis
631 1545 834 1602 communibus
851 1543 1072 1600 admonendum

124 1649 269 1717 putarem,
281 1650 315 1697 ut
328 1641 536 1712 considerares,
551 1641 581 1698 in
596 1641 675 1699 omni
689 1641 798 1716 reliqua
814 1641 869 1696 vita
886 1640 991 1715 quibus
1010 1656 1071 1696 cre·

125 1737 222 1808 derce,
236 1755 312 1814 quos
326 1756 449 1796 caveres.
494 1757 539 1797 10.
563 1739 652 1810 Quod
672 1739 772 1796 scribis
792 1748 820 1795 te
834 1737 905 1795 velle
926 1737 1006 1807 scire,
1021 1735 1072 1811 qui

126 1836 165 1896 sit
179 1834 220 1892 rei
234 1835 366 1910 publicae
381 1844 479 1907 statuS,
494 1854 609 1895 summa
626 1837 770 1895 dissensio
789 1845 840 1906 est,
856 1835 907 1893 sed
922 1835 1072 1893 contentio

126 1933 229 2011 dispar
235 1951 245 2006 ;
266 1950 334 1990 nam
351 1935 400 2010 qui
419 1935 484 2009 plus
503 1934 616 2009 opibus,
632 1934 727 2004 annis,
742 1933 872 2010 potentia
887 1932 989 2002 valent,
1005 1949 1072 2006 pro-

126 2030 234 2090 iecisse
268 2039 379 2088 tantum
413 2031 483 2088 mibi
511 2032 643 2089 videntur
674 2031 791 2089 stultitia
821 2041 849 2088 et
881 2029 1073 2088 inconstantia

126 2127 366 2199 adversariorum,
389 2138 419 2186 ut
450 2130 537 2185 etiam
565 2129 733 2187 auctoritate
764 2129 822 2185 iam
850 2128 915 2205 plus
936 2128 1070 2185 valerent.

126 2226 234 2301 Itaque
247 2226 400 2301 perpaucis
415 2225 631 2284 adversantibus
645 2226 753 2296 omnia,
769 2245 843 2302 quae
863 2244 900 2283 ne
914 2244 966 2302 per
979 2243 1073 2301 popu-

125 2323 190 2382 lum
211 2322 328 2398 quidem
350 2323 412 2380 sine
434 2323 574 2381 seditione
596 2341 627 2381 se
649 2325 768 2400 adsequi
790 2326 1007 2393 arbitrabantur,
1022 2342 1074 2399 per

127 2428 264 2481 senatum
281 2420 429 2478 consecuti
450 2429 533 2490 sunt3
559 2439 628 2479 nam
649 2431 677 2479 et
698 2423 874 2496 stipendium
889 2420 1006 2479 Caesen
1023 2421 1073 2479 de·

127 2526 242 2577 cretum
256 2524 299 2573 est
313 2525 342 2573 et
356 2517 458 2575 decern
472 2516 566 2592 legati,
578 2527 606 2575 et
620 2537 656 2575 ne
671 2518 735 2594 lege
748 2518 921 2594 Sempronia
936 2518 1073 2577 succede·

127 2624 208 2677 retur
221 2612 305 2672 facile
319 2613 478 2689 perfectum
493 2624 544 2672 est.
591 2614 682 2686 Quod
696 2634 732 2673 eo
746 2615 784 2673 ad
798 2626 825 2673 te
841 2617 954 2673 brevius
969 2616 1073 2686 scribo,

127 2712 200 2789 quia
212 2728 260 2768 me
272 2720 362 2769 status
374 2712 420 2770 hic
431 2714 472 2770 rei
483 2713 614 2788 publicae
626 2731 687 2770 non
702 2713 841 2772 delectat:
860 2714 955 2772 scribo
966 2724 1072 2784 tamen,

126 2822 161 2871 ut
183 2820 213 2869 te
238 2809 423 2880 admoneam,
446 2812 525 2886 quod
545 2812 617 2888 ipse,
638 2811 737 2870 litteris
758 2814 894 2871 omnibus
916 2831 933 2870 a
954 2812 1074 2889 pueritia

127 2909 254 2979 deditus
265 2907 442 2983 experiendo
457 2919 555 2967 tamen
570 2911 663 2985 magis
677 2928 765 2985 quam
781 2910 923 2968 discendo
938 2909 1072 2985 cognovi,

126 3016 161 3067 tu
184 3013 219 3065 ut
243 3007 300 3065 tuis
328 3006 414 3063 rebus
441 3007 559 3081 integris
588 3007 683 3066 discas
707 3026 802 3082 neque
831 3007 927 3064 salutis
956 3015 1073 3064 nostrae

126 3105 272 3165 rationem
304 3103 470 3162 habendam
501 3103 586 3161 nobis
619 3123 683 3162 esse
717 3106 778 3161 sine
807 3105 944 3180 dignitate
977 3123 1073 3181 neque

126 3202 277 3280 dignitatis
305 3201 367 3259 sine
396 3201 496 3261 salute.
549 3220 594 3258 11.
628 3201 718 3273 Quod
742 3202 811 3260 mihi
841 3202 877 3260 de
902 3203 959 3260 filia
983 3213 1011 3260 et
1036 3203 1073 3262 de

127 3298 304 3377 Crassipede
332 3298 490 3375 gratularis,
512 3317 642 3374 agnosco
664 3301 872 3357 humanitatem
900 3315 979 3358 tuam
1008 3319 1072 3375 spe-

126 3416 221 3479 roque
242 3405 272 3458 et
293 3408 364 3475 opto
385 3397 470 3456 uobis
491 3397 567 3457 hanc
588 3397 824 3456 coniunctionem
839 3398 977 3475 voluptati
998 3397 1066 3458 fore.
