2392 3848
121 163 181 229 186
391 178 431 230 rr.
456 178 575 228 rorrrr
596 177 786 235 nicanorus
935 161 1044 245 [reem

117 347 256 414 perpetua
269 355 339 412 erga
353 355 401 395 me
415 335 618 396 benevolentia
632 336 742 395 scribas
756 334 796 393 ad
809 351 867 403 me,
876 331 947 409 quid
956 331 1047 400 videas,

118 435 188 513 quid
213 435 328 504 sentias,
350 435 420 511 quid
444 435 682 511 exspectandum,
705 432 777 510 quid
801 430 950 507 agendum
976 429 1049 487 nobis

117 533 271 591 existimes
315 531 418 608 Magni
432 542 516 591 erunt
529 533 600 590 mihi
615 542 681 591 tuae
694 531 823 602 litterae;
846 538 936 605 atque
953 528 1051 585 utinam

117 631 218 707 primis
238 629 302 700 illis,
324 647 397 705 quas
419 630 544 688 Luceria
564 631 694 700 miseras,
715 627 896 705 paruisseml
926 626 986 685 sine
1005 623 1053 681 ulla

118 727 197 786 enim
211 728 344 786 molestia
359 728 528 803 dignitatem
542 746 639 785 meam
652 727 842 786 retinuissem.

346 888 391 942 84.
437 884 496 944 AD
516 883 713 944 ATTICUM
734 881 803 942 XII.
825 900 850 942 1.

120 998 186 1061 Scir.
207 1019 237 1058 nr
258 999 404 1058 Anemuri
425 1019 451 1059 n.
464 1019 492 1058 n.
506 1019 567 1058 v111.
582 997 744 1058 Knnnvnns
765 997 867 1058 Iumns
888 1014 977 1059 amc.
996 999 1058 1070 708.

440 1123 543 1166 cronno
557 1123 664 1165 arrico
682 1123 744 1164 sar..

164 1239 187 1276 1.
204 1219 361 1280 Uvnrrcnro
376 1219 422 1277 die
437 1229 593 1295 postquam
607 1237 626 1278 a
639 1228 668 1277 te
679 1219 881 1287 discesseram,
889 1217 948 1276 hoc
957 1217 1060 1274 litteru-

119 1317 211 1374 larum
226 1318 340 1374 exaravi
354 1317 507 1392 egrediens
526 1335 543 1375 e
561 1316 628 1375 villa
648 1327 715 1375 ante
734 1317 838 1384 lucem,
854 1325 942 1391 atque
962 1333 999 1373 eo
1018 1315 1062 1372 die

120 1415 284 1489 cogitabam
297 1415 328 1472 in
342 1415 509 1489 Anagnino,
524 1425 643 1491 postero
657 1425 755 1473 autem
768 1415 799 1471 in
813 1414 1004 1485 Tusculano;
1024 1413 1061 1470 ibi

119 1530 212 1570 unum
226 1513 312 1570 diem.
354 1530 381 1570 v.
393 1511 519 1572 Kalend.
533 1512 619 1588 igitur
633 1512 671 1570 ad
686 1511 874 1570 constitutum
882 1530 891 1581 ;
911 1519 1000 1586 atque
1013 1511 1063 1568 uti·

120 1628 189 1668 nam
212 1610 350 1667 continuo
372 1609 409 1666 ad
431 1610 617 1684 complexum
637 1627 721 1668 meae
736 1609 859 1678 Tulliae,
874 1608 913 1667 ad
933 1608 1064 1667 osculum

120 1709 234 1766 Atticae
268 1708 377 1782 possim
411 1709 540 1765 currerel
576 1707 658 1783 quod·
686 1707 805 1782 quidem
838 1707 935 1781 ipsum
965 1708 1063 1776 scribe,

121 1824 240 1882 quaeso,
262 1806 299 1864 ad
323 1823 379 1875 me,
402 1814 442 1875 ut,
464 1806 534 1863 dum
560 1805 688 1864 consisto
712 1805 743 1862 in
766 1804 946 1874 Tusculano,
970 1805 1065 1873 sciam,

121 1905 191 1978 quid
218 1904 331 1979 garriat,
360 1904 405 1962 sin
432 1903 591 1973 rusticatur,
616 1903 686 1978 quid
716 1903 822 1961 scribat
850 1903 889 1960 ad
916 1911 955 1972 te,
984 1903 1066 1980 eique

121 2004 229 2059 interea
249 2011 298 2059 aut
317 2002 424 2059 scribes
444 1999 566 2058 salutem
585 2010 634 2058 aut
653 2000 806 2070 nuntiabis
822 1999 951 2076 itemque
970 1999 1066 2058 Piliae.

121 2099 159 2158 Et
173 2110 278 2170 tamen,
290 2100 343 2157 etsi
355 2099 494 2156 continuo
510 2098 693 2174 congressuri
709 2115 818 2168 sumus,
833 2097 943 2156 scribes
958 2098 999 2157 ad
1012 2117 1066 2168 me,

122 2199 146 2256 si
160 2197 230 2273 quid
244 2197 373 2255 habebis.

164 2316 189 2354 2.
211 2294 288 2354 Cum
302 2294 510 2370 complicarem
523 2291 600 2351 hanc
614 2292 774 2367 epistolam,
790 2292 1017 2352 noctuabundus
1032 2294 1067 2352 ad

120 2412 167 2452 me
181 2394 260 2450 venit
274 2411 341 2451 curn
356 2391 478 2468 epistola
493 2401 543 2449 tua
557 2390 729 2460 tabellarius,
740 2408 797 2466 qua
810 2390 885 2448 lecta
900 2390 937 2448 de
952 2391 1067 2450 Atticae

121 2490 257 2549 febricula
272 2490 378 2549 scilicet
392 2490 475 2548 valde
490 2489 576 2548 dolui.
615 2487 747 2565 Reliqua,
760 2507 834 2565 quae
849 2491 1066 2563 exspectabam,

119 2610 157 2649 ex
178 2591 233 2647 tuis
255 2588 351 2647 litteris
373 2589 498 2664 cognovi
523 2589 640 2660 omnia;
669 2588 721 2646 sed
744 2587 825 2663 quod
849 2588 952 2645 scribis
976 2589 1066 2664 ‘igni-

120 2689 217 2747 culum
231 2689 405 2745 matutinum
423 2686 584 2762 γεροντικόν,’
599 2690 810 2761 γεροντικώτερον
829 2695 873 2743 est
894 2689 1067 2746 memoriola

119 2786 265 2845 vacillare:
295 2804 351 2861 ego
381 2786 460 2843 enim
487 2804 539 2844 1111.
564 2785 633 2842 Kal.
659 2784 736 2842 Axio
766 2784 911 2853 dederam,
937 2785 990 2842 tibi
1018 2804 1066 2855 nr,

121 2883 240 2956 Quinte,
257 2903 315 2961 quo
338 2885 384 2943 die
405 2885 558 2955 venissem,
573 2883 602 2940 id
624 2893 667 2941 est
688 2883 760 2957 prid.
782 2882 848 2940 Kal.
891 2880 960 2941 Hoc
982 2884 1066 2958 igitur

121 2978 251 3048 habebis,
262 2979 330 3037 novi
345 2976 423 3035 nihil.
457 2974 536 3048 Quid
551 2993 621 3052 ergo
636 2993 710 3050 opus
724 2986 785 3033 erat
799 2975 942 3051 epistola?
972 2976 1066 3047 Quid?

122 3096 189 3137 cum
204 3095 303 3136 coram
319 3094 419 3136 sumus
434 3085 461 3134 et
474 3076 617 3151 garrimus
629 3075 768 3150 quicquid
783 3075 813 3131 in
827 3075 973 3133 buccam?
1016 3076 1065 3134 Est

122 3175 253 3252 profecto
267 3175 407 3252 quiddam
426 3175 519 3244 λέσχη,
534 3190 609 3249 quae
623 3169 719 3243 habet,
735 3172 822 3231 etiarn
836 3172 861 3232 si
875 3173 946 3231 nihil
960 3175 1064 3244 subest,

122 3272 313 3332 collocutione
327 3274 392 3349 ipsa
406 3270 583 3330 suavitatem.
