2498 3840
155 209 294 294 rp.3-5.]
368 222 483 273 arton
504 223 553 271 An
573 220 802 273 annnorum·
817 225 848 275 ν.
866 229 892 275 1.
1067 209 1100 293 ‘5

145 370 280 441 ¹missam
307 399 371 441 esse
399 383 528 454 arbitror,
548 382 630 460 ,quod
653 378 781 442 vererere
805 401 843 440 ne
868 381 949 441 cuius
974 383 1102 439 animum

157 479 332 538 offenderes.
378 479 437 538 Sed
460 482 533 538 scito
557 498 600 550 ea,
623 498 697 557 quae
722 499 778 538 nos
801 499 855 556 pro
880 480 970 538 salute
994 475 1102 554 patriae

145 577 310 651 :gessimus,
325 577 402 651 orbis
419 587 511 634 terrae
531 577 637 635 iudicio
659 596 700 635 ac
714 578 881 636 testimonio
902 563 1102 652 comprobari;

158 693 245 750 quae,⁴
255 692 323 733 cum
336 675 457 745 veneris,
472 684 553 733 tanto
568 675 690 733 consilio
704 685 840 752 tantaque
855 671 944 734 animi
958 676 1102 750 magnitu—

157 771 227 828 dine
242 789 261 828 a
272 789 321 829 me
336 782 420 847 gesta
431 790 497 831 esse
507 791 679 848 cognosces
688 784 719 832 ut
730 774 780 831 tibi
790 773 881 831 multo
893 773 1003 843 maiori,
1014 790 1102 848 quam

157 868 315 928 Africanus
336 864 399 941 luit,
421 889 469 929 me
494 888 555 928 non
579 869 671 928 multo
695 871 838 930 minorem
860 890 949 947 quam
971 871 1103 928 Laelium

156 964 241 1025 facile
251 977 281 1025 et
291 968 362 1026 in-re
373 968 489 1046 publica
500 980 528 1026 et
538 970 570 1026 in
584 969 709 1027 amicitia
722 969 891 1027 adiunctum
905 987 969 1027 esse
983 970 1101 1044 patiare.

320 1089 322 1092 ’
384 1129 411 1182 4.
453 1124 510 1182 AD
530 1124 783 1183 summanus
804 1125 841 1183 v,
866 1143 892 1185 1.
914 1168 942 1240 Q
953 1157 985 1233 ΘΙ

319 1238 386 1297 Sca.
407 1258 438 1297 nr
459 1238 576 1298 Garum
597 1258 751 1311 emmona
771 1258 855 1299 nuo
879 1241 946 1315 692.

171 1360 199 1410 o.
215 1359 369 1402 numurus
383 1362 410 1411 o.
425 1363 451 1404 r.
465 1363 559 1404 curun
573 1364 685 1405 ruocos.
702 1365 724 1405 s.
737 1364 927 1421 n.M.1ULL10
941 1365 1082 1407 crcnnorn.

203 1476 229 1515 1.
251 1457 283 1516 Sr
304 1459 390 1530 valeS,
408 1460 485 1517 bene
505 1469 558 1518 est.
599 1460 802 1519 Existimaram
826 1479 879 1537 pro
904 1472 1006 1519 mutuo
1029 1463 1102 1519 inter

157 1573 214 1614 nos
236 1556 335 1613 animo
359 1567 390 1614 et
410 1574 465 1632 pru
489 1559 674 1628 reconciliata
695 1560 787 1635 gratia
811 1578 865 1617 nec
888 1560 1038 1618 absentem
1062 1579 1102 1616 me

156 1654 282 1712 ludibrio
296 1655 406 1712 laesum
421 1655 453 1712 iri
468 1673 523 1712 nec
539 1655 688 1713 Metellum
702 1656 818 1714 fratrem
833 1658 872 1715 ob
888 1656 997 1714 dictum
1008 1659 1102 1734 eapite

158 1770 192 1809 ac
206 1751 330 1809 fortunis
344 1769 396 1828 per
410 1762 438 1810 te
451 1763 655 1828 oppugnatum
669 1754 720 1826 iri;
742 1772 831 1830 quem
850 1755 874 1812 si
890 1772 994 1829 parum
1006 1755 1102 1829 pudor

157 1849 248 1924 ipsius
263 1849 445 1921 defendebat,
457 1850 581 1909 debebat
591 1850 636 1908 vel
649 1851 774 1909 familiae
789 1862 904 1909 nostrae
916 1851 1044 1925 dignius
1058 1854 1102 1910 vel

155 1965 257 2004 meum
273 1947 399 2005 studium
412 1966 483 2023 erga
496 1965 549 2006 vos
563 1967 682 2024 remque
696 1948 843 2025 publicam
858 1950 926 2007 satis
945 1950 1100 2009 sublevare.

157 2042 246 2102 Nunc
263 2042 348 2102 video
366 2043 446 2101 illum
466 2044 701 2117 circumventum,
720 2064 768 2103 me
788 2046 942 2117 desertum,
960 2064 977 2103 a
998 2049 1102 2122 quibus

155 2143 278 2199 mirrime
293 2143 492 2201 conveniebat.
536 2162 561 2201 a.
584 2144 687 2220 ltaque
701 2145 732 2201 in
745 2144 823 2202 luctu
838 2155 866 2201 et
881 2144 1013 2220 squalore
1028 2164 1102 2218 sum,

156 2241 207 2317 qui
228 2242 404 2317 provinciae,
423 2243 473 2319 qui
494 2244 631 2301 exercitui
652 2261 796 2320 praesum,
815 2245 865 2320 qui
886 2244 994 2301 bellum
1014 2262 1101 2319 gero:

155 2357 232 2416 quae
266 2340 406 2414 quoniam
440 2358 496 2398 nec
526 2341 638 2399 ratione
671 2360 726 2400 nec
758 2343 901 2399 maiorum
937 2352 1102 2399 nostrorum
1165 2404 1175 2418 x

156 2438 312 2496 clementia
326 2437 555 2509 administrastis
570 2457 630 2496 non
646 2440 698 2497 erit
712 2440 884 2510 mirandum,
897 2441 920 2498 si
935 2458 987 2497 vos
1002 2440 1102 2515 poeni-

152 2535 233 2593 tebit
277 2533 324 2592 Te
344 2544 404 2592 tam
425 2536 525 2594 mobili
545 2537 575 2593 in
596 2555 643 2594 me
664 2555 804 2612 meosque
829 2555 893 2595 esse
918 2537 1016 2595 animo
1041 2555 1102 2595 non

155 2632 328 2708 sperabam:
347 2649 395 2690 me
416 2632 525 2690 interea
545 2652 600 2691 nec
622 2634 798 2693 domesticus
819 2633 903 2692 dolor
925 2653 982 2694 nec
1006 2635 1101 2692 cuius-

153 2746 247 2807 quam
261 2728 363 2787 iniuria
375 2730 413 2786 ab
427 2747 458 2786 re
472 2729 588 2804 publica
602 2731 735 2790 abducet.

370 2906 401 2960 5.
443 2902 502 2960 ΑΙ)
521 2902 774 2963 FAMILIARES
795 2904 831 2977 V.
854 2924 885 2965 a.

435 3016 501 3077 Son.
523 3016 633 3077 Rousn
654 3037 739 3079 nuc.
762 2974 861 3096 όρὲ.ἓν

152 3140 184 3183 ιι
198 3131 371 3183 mams'u.
381 3142 408 3182 n.
419 3142 522 3183 c1cauo
536 3141 563 3190 o.
576 3143 714 3185 maruno
727 3143 753 3192 o.
763 3145 790 3184 u.
800 3145 904 3186 curum
915 3143 1029 3186 raucos.
1039 3143 1062 3185 s
1072 3145 1100 3184 n.

199 3255 225 3296 1.
249 3235 281 3295 St
298 3246 330 3295 tu
348 3238 549 3314 exercitusque
563 3239 756 3311 valetiS,bene
775 3251 827 3299 est.
871 3240 977 3299 Scribis
997 3241 1034 3300 ad
1053 3260 1101 3301 me

153 3345 184 3394 te
198 3335 381 3394 existimasse
394 3353 449 3411 pro
466 3346 571 3394 mutuo
588 3337 663 3395 inter
681 3356 737 3396 nos
757 3340 855 3397 animo
876 3348 904 3396 et
923 3356 976 3414 pro
998 3358 1101 3398 recon-

151 3433 251 3493 ciliata
264 3432 356 3509 gratia
368 3449 529 3510 numquam
543 3441 572 3491 te
587 3451 604 3491 a
617 3453 664 3492 me
679 3434 802 3495 ludibrio
813 3435 925 3495 laesum
938 3437 979 3494 iri.
1011 3436 1101 3509 Quod
