2498 3840
150 221 190 290 72
418 217 456 266 nr.
483 215 602 265 runnu
624 216 811 265 arcanorum
977 205 1045 289 [Pars
1061 218 1095 270 11.

147 382 175 432 et
195 371 286 429 horno
309 366 498 444 pereruditus,
520 373 552 424 ut
572 365 661 436 aiunt,
683 376 711 424 et
733 384 811 424 nunc
835 365 953 440 quidem
979 366 1095 426 deditus

150 469 270 529 Graecis
292 465 390 524 litteris
404 463 563 521 Pituanius.
606 463 672 533 Sed,
687 463 711 521 si
727 464 769 521 vis
792 462 881 521 homo
903 482 975 535 esse,
996 465 1094 541 recipe

148 578 176 626 te
197 566 235 624 ad
257 582 321 635 nos,
336 562 373 620 ad
388 560 468 638 quod
483 571 597 636 tempus
620 560 797 618 confirmasti
805 579 813 631 ;
836 579 903 618 cum
917 562 971 619 illis
985 572 1094 633 tamen,

151 683 217 724 curn
243 661 311 720 salvi
333 659 470 730 venerint,
493 657 609 716 Romae
633 658 726 717 vivere
751 658 854 717 licebit.
899 679 924 734 3.
947 661 1041 719 Avere
1065 669 1094 718 te

150 761 250 822 scribis
272 759 403 834 accipere
423 756 563 833 aliquida
583 774 630 813 me
651 755 824 814 litterarum:
846 757 921 828 dedi,
942 776 977 817 ac
996 758 1094 816 multis

152 859 269 935 quidem
293 857 329 915 de
350 855 445 925 rebus,
460 855 632 927 ἡμερολεγδὸν
651 854 809 930 perscripta
829 855 944 927 omnia;
968 855 1029 926 sed,
1049 851 1095 936 [ut

149 949 296 1033 coniici0,]
321 952 459 1029 quoniam
480 951 551 1008 mihi
571 969 633 1009 non
653 951 757 1009 videris
778 951 808 1009 in
821 950 911 1028 Epiro
933 951 982 1009 diu
996 951 1094 1024 fuisse,

150 1053 276 1111 redditas
296 1051 347 1109 tibi
368 1068 429 1108 non
448 1049 576 1107 arbitror.
618 1046 721 1106 Genus
740 1060 837 1107 autem
858 1067 988 1107 mearum
1009 1050 1047 1109 ad
1065 1059 1096 1110 te

149 1150 268 1227 quidem
297 1148 453 1207 litterarum
487 1147 549 1204 eius
583 1145 664 1203 modi
692 1145 751 1204 fere
779 1156 830 1216 est,
858 1155 891 1204 ut
916 1165 978 1205 non
1006 1147 1096 1206 libeat

150 1246 287 1322 cuiquam
302 1246 379 1314 dare,
393 1244 448 1302 nisi
463 1245 573 1318 dequo
590 1243 771 1319 exploratum
793 1243 829 1301 sit
843 1243 893 1300 tibi
913 1261 981 1301 eum
998 1245 1096 1304 reddi·

150 1356 255 1402 turum.
299 1362 325 1415 4.
348 1342 436 1401 Nunc
451 1341 601 1399 Romanas
622 1359 668 1398 res
689 1341 804 1416 accipe:
830 1358 856 1398 a.
877 1340 905 1398 d.
926 1359 967 1399 111.
989 1341 1096 1402 Nonas

148 1439 313 1511 ¹Quinctiles
329 1440 452 1498 Sufenas
471 1449 499 1498 et
514 1438 588 1497 Cato
610 1437 741 1508 absoluti,
755 1437 895 1496 Procilius
916 1439 1097 1498 condemna·

151 1546 215 1610 tus3
251 1557 288 1597 ex
317 1556 376 1614 quo
405 1537 582 1596 intellectum
610 1545 654 1592 est
680 1537 917 1609 τρισαρειοπαγίτας
944 1537 1097 1609 ambitum,

152 1636 278 1707 comitia,
307 1637 511 1710 interregnum,
540 1634 729 1704 maiestatem,
758 1642 850 1691 totam
878 1633 1003 1709 denique
1033 1653 1098 1694 rem

150 1734 299 1810 publicam
324 1733 410 1792 flocci
434 1750 495 1790 non
519 1730 622 1790 facere.
664 1728 814 1788 Debemus
838 1741 950 1806 patrem
973 1731 1098 1792 familias

153 1831 234 1888 domi
249 1850 319 1889 suae
333 1831 466 1890 occidere
480 1829 565 1900 nolle,
581 1845 676 1903 neque
690 1837 788 1885 tamen
800 1827 831 1885 id
846 1828 942 1904 ipsum
960 1830 1097 1904 abunde;

153 1946 223 1986 nam
238 1929 421 1988 absolverunt
432 1946 509 1998 111111,
522 1926 753 1985 condemnarunt
763 1944 861 1983 xxvm.
893 1925 1012 1985 Publius
1027 1945 1099 1986 sane

154 2025 261 2083 diserto
283 2025 400 2101 epilogo
425 2025 581 2083 criminans
604 2033 719 2082 mentes
741 2023 868 2081 iudicum
890 2034 1098 2084 commoverat

154 2122 295 2181 Hortalus
309 2123 339 2179 in
354 2141 389 2180 ea
402 2140 489 2179 causa
503 2121 563 2191 fuit,
578 2123 659 2179 cuius
680 2120 760 2178 modi
775 2121 856 2179 solet.
898 2120 963 2178 Nos
977 2123 1100 2180 verbum

153 2219 273 2278 nullum.
319 2218 419 2277 Verita
439 2228 483 2277 est
505 2219 582 2276 enirn
604 2219 715 2294 pusilla,
730 2237 805 2295 quae
827 2237 905 2276 nunc
926 2218 1046 2289 laborat,
1060 2236 1099 2277 ne

155 2318 284 2375 animum
305 2315 399 2373 Publii
420 2314 608 2373 offenderem.
652 2331 678 2390 5.
701 2315 758 2374 His
779 2317 864 2374 rebus
889 2317 961 2375 actis
983 2315 1099 2375 Reatini

154 2432 202 2474 me
221 2414 257 2472 ad
278 2431 330 2471 sua
344 2415 429 2485 Τέμπη
445 2413 595 2483 duxerunt,
610 2422 642 2470 ut
656 2431 773 2488 agerem
794 2431 912 2472 causam
934 2424 1037 2472 contra
1049 2413 1099 2472 In-

155 2521 328 2570 teramnates
350 2510 429 2585 apud
449 2511 598 2569 consulem
619 2520 648 2568 et
667 2511 769 2569 decem
783 2511 903 2586 legatos
919 2510 1001 2587 quod
1019 2511 1100 2571 lacus

155 2609 285 2680 Velinus,
309 2628 327 2667 a
348 2609 399 2667 Μ’.
424 2608 513 2667 Curio
538 2611 669 2680 emissus,
690 2610 825 2667 interciso
849 2619 959 2679 monte,
983 2610 1012 2667 in
1037 2610 1100 2669 Nar

155 2707 270 2778 defluit;
293 2725 329 2765 ex
344 2724 403 2782 quo
425 2716 469 2764 est
485 2706 533 2764 illa
554 2706 661 2764 siccata
680 2716 710 2764 et
723 2706 843 2764 humida
864 2716 963 2764 tamen
983 2708 1114 2766 modice'

155 2803 255 2862 Rosia.
299 2801 369 2860 Vixi
390 2821 456 2861 cum
471 2803 555 2873 Axio,
571 2803 621 2878 qui
638 2803 725 2862 etiam
745 2822 794 2862 me
815 2804 852 2862 ad
868 2803 987 2880 Septem
1008 2821 1100 2880 aquas

155 2901 246 2960 duxit.
289 2901 316 2959 6.
339 2899 424 2957 Redii
450 2899 578 2957 Romam
602 2899 716 2957 Fonteii
745 2917 833 2959 causa
861 2919 885 2959 a.
902 2901 931 2959 d.
953 2919 1003 2958 v11.
1029 2900 1101 2961 Idus

157 2999 275 3071 Quinct.
316 2996 393 3055 Veni
407 2998 437 3054 in
452 2997 658 3072 spectaculum,
673 2997 798 3073 primum
817 3015 926 3072 magno
946 3008 975 3056 et
993 3016 1102 3075 aequa·

156 3095 206 3153 bili
240 3094 437 3172 plausu—sed
471 3093 528 3152 hoc
564 3113 601 3152 ne
636 3094 762 3165 curaris;
799 3112 857 3170 ego
890 3096 1015 3172 ineptus,
1050 3097 1101 3174 qui

157 3193 378 3269 scripserim-;
410 3192 515 3251 deinde
537 3191 711 3268 Antiphonti
737 3209 873 3269 operam:
904 3193 928 3252 is
949 3203 1009 3251 erat
1034 3205 1102 3254 ante

157 3289 354 3348 manumissus
376 3305 465 3363 quam
486 3288 652 3363 productus.
695 3286 741 3344 Ne
763 3288 868 3345 diutius
887 3287 1025 3362 pendeas,
1039 3288 1102 3364 pal-

158 3404 237 3446 mam
260 3386 322 3446 tulit
329 3405 338 3461 ς
360 3386 413 3446 sed
433 3385 504 3444 nihil
525 3395 585 3445 tam
604 3385 750 3461 pusillum,
764 3384 835 3443 nihil
855 3393 915 3444 tam
936 3386 999 3446 sine
1020 3404 1102 3460 voce,
