2392 3848
287 224 290 230 .
393 179 433 229 rr.
458 180 580 229 rutrrr
600 180 786 230 arcanorum
841 188 846 195 ·
938 167 1008 253 [ears
1021 180 1059 230 u

210 494 213 502 ‘
268 496 271 502 ’
349 487 395 543 25.
438 484 495 543 AD
516 483 708 544 ATTICUM
729 484 781 545 IV.
804 498 831 559 5.
910 494 977 572 ,nu

213 597 280 660 sen.
300 617 331 657 ut
351 598 480 657 Aurmrr
500 616 528 657 v.
549 545 618 658 luds
638 600 764 658 Aemus
784 617 867 658 auc.
890 599 959 674 698.

433 721 534 765 CICERO
555 723 660 765 ATTICO
680 724 741 764 sal..

162 839 188 878 1.
209 821 268 878 Ant
294 820 347 878 tui
376 837 414 876 an
434 834 481 877 me
502 820 649 878 existimas
669 820 707 879 ab
727 818 787 878 ullo
807 819 892 878 malle
912 838 980 878 mea
999 818 1053 895 legi

118 917 292 992 probarique
311 934 399 990 quam
414 934 431 973 a
445 917 494 974 te?
537 916 596 975 Cur
616 917 700 993 igitur
719 918 853 994 cuiquam
873 918 939 975 misi
960 917 1053 993 prius?

118 998 252 1089 Urgebar
266 1014 303 1071 ab
317 1032 363 1082 eo,
384 1012 421 1071 ad
436 1027 525 1088 quem'
537 1015 610 1084 misi,
624 1024 653 1072 et
666 1032 727 1073 non
741 1014 884 1073 habebam
902 1015 1054 1090 exemplar.

119 1111 220 1182 Quid?
245 1110 485 1168 etiam—dudum
506 1113 583 1169 enim
604 1112 795 1184 circumrodo
816 1113 896 1190 quod
918 1112 1055 1170 devoran-

119 1208 189 1265 dum
216 1207 511 1282 est—subturpicula
538 1208 608 1266 mihi
634 1208 783 1267 videbatur
813 1227 878 1268 esse
910 1213 1055 1285 παλινῳδία.

120 1305 178 1363 Sed
198 1305 310 1362 valeant
329 1314 414 1373 recta,
432 1322 507 1373 vera,
525 1303 647 1363 honesta
666 1305 803 1363 consilia:
825 1321 886 1364 non
908 1315 952 1364 est
969 1306 1056 1365 credi-

119 1402 184 1471 bile,
199 1419 274 1476 quac
297 1402 332 1458 sit
351 1401 471 1476 perfidia
491 1402 520 1458 in
542 1402 603 1460 istis
620 1402 804 1478 principibus,
825 1414 857 1461 ut
876 1403 977 1461 volunt
995 1422 1057 1461 esse

120 1510 149 1558 et
175 1509 208 1557 ut
235 1508 340 1568 essent,
370 1499 394 1555 si
421 1498 577 1574 quicquam
604 1497 743 1557 haberent
769 1497 845 1558 fidei.
896 1499 1057 1569 Senseram,

120 1615 223 1655 noram
251 1596 394 1666 inductus,
418 1595 540 1665 relictus,
564 1597 708 1671 proiectus
733 1596 770 1654 ab
794 1597 847 1668 iis;
876 1606 975 1657 tamen
1003 1597 1057 1656 hoc

121 1715 199 1754 eram
215 1696 320 1763 animo,
336 1704 367 1751 ut
384 1709 451 1752 cum
470 1693 503 1750 iis
522 1693 552 1749 in
566 1693 726 1768 republica
740 1694 950 1753 consentirem:
973 1696 1058 1753 iidem

120 1803 209 1864 crant
233 1794 283 1867 qui
310 1793 430 1850 fuerant.
472 1789 530 1849 Vix
558 1792 714 1867 aliquando
742 1801 771 1851 te
799 1801 917 1851 auctore
944 1795 1058 1871 resipui.

124 1911 149 1949 2.
170 1890 259 1948 Dices
281 1909 316 1948 ea
343 1900 427 1947 tenus
451 1899 479 1947 te
502 1890 633 1957 suasisse,
655 1907 713 1964 qua
738 1889 870 1960 iacerem,
892 1908 954 1949 non
974 1893 1059 1950 etiarn

120 1999 153 2046 ut
174 1989 337 2046 scriberem.
378 1985 445 2063 Ego
473 1986 637 2044 mehercule
661 1987 731 2043 mihi
755 1987 956 2046 necessitatem
986 1989 1060 2047 volui

121 2086 271 2160 imponere
287 2084 372 2142 huius
390 2102 484 2142 novae
503 2085 723 2153 coniunctionis,
738 2104 776 2143 ne
798 2103 856 2160 qua
873 2085 945 2144 mihi
964 2087 1060 2146 liceret

121 2182 179 2239 labi
202 2183 239 2241 ad
266 2182 338 2252 illos,
360 2182 410 2258 qui
431 2181 517 2239 etiam
538 2192 608 2252 tum,
631 2200 698 2239 cum
719 2183 846 2241 misereri
866 2183 925 2241 mei
947 2175 1060 2254 debent,

123 2298 183 2337 non
209 2280 344 2338 desinunt
369 2277 505 2337 invidere.
548 2278 605 2337 Sed
627 2290 724 2338 tamen
744 2280 852 2338 modici
873 2279 980 2340 fuimus
1003 2285 1061 2340 ὑπο·

124 2379 201 2448 θέσει,
231 2386 263 2435 ut
289 2377 406 2452 scripsi:
439 2377 546 2435 erimus
573 2377 727 2448 uberiores,
761 2379 785 2435 si
812 2388 842 2437 et
868 2378 914 2436 ille
943 2379 1062 2439 libenter

123 2475 244 2551 accipiet
260 2486 288 2533 et
307 2475 327 2531 ii
343 2475 555 2550 subringentur,
575 2476 624 2551 qui
642 2476 737 2534 villam
758 2494 806 2534 me
827 2476 948 2536 moleste
970 2478 1063 2538 ferunt

63 2587 67 2593 ·
122 2571 237 2642 habere,
269 2585 344 2648 quae
373 2570 468 2629 Catuli
495 2570 594 2642 luerat,
623 2590 641 2629 a
668 2572 766 2631 Vettio
794 2591 842 2630 me
869 2574 975 2633 emisse
1003 2595 1063 2635 non

124 2669 269 2743 cogitant;
298 2669 347 2743 qui
369 2669 489 2726 domum
510 2680 618 2744 negant
646 2670 807 2745 oportuisse
827 2688 875 2729 me
903 2672 1063 2744 aedificare,

124 2766 248 2824 vendere
273 2767 351 2823 aiunt
373 2766 545 2840 oportuisse.
588 2766 647 2824 Sed
669 2766 738 2842 quid
759 2767 796 2824 ad
818 2767 883 2838 hoc,
905 2767 937 2838 si,
960 2771 1064 2846 quibus

125 2863 273 2921 sententiis
295 2863 354 2920 dixi
375 2862 455 2936 quod
476 2871 505 2919 et
523 2863 577 2937 ipsi
597 2865 761 2938 probarent,
776 2863 872 2921 laetati
886 2874 954 2928 sunt
967 2875 1064 2925 tamen

115 2969 173 3017 'me
204 2967 306 3017 contra
337 2958 470 3033 Pompeii
498 2959 675 3018 voluntatem
703 2960 829 3018 dixisse?
870 2959 957 3020 Finis.
1009 2963 1065 3022 Sed

126 3057 273 3133 quoniam,
296 3056 345 3131 qui
366 3055 436 3112 nihil
457 3068 587 3131 possunt,
608 3058 627 3113 ii
647 3076 694 3115 me
715 3057 818 3115 nolunt
837 3076 942 3130 amare,
963 3059 1066 3120 demus

126 3170 246 3228 operam
273 3165 305 3212 ut
332 3154 369 3212 ab
391 3155 440 3224 iis,
462 3154 523 3229 'qui
553 3164 685 3229 possunt,
718 3155 878 3231 diligamur.
926 3177 953 3232 3.
979 3158 1067 3218 Dices

130 3249 250 3307 ‘vellem
278 3253 335 3309 iam
363 3251 492 3327 pridem!
534 3251 601 3309 Scio
622 3261 650 3309 te
670 3251 794 3311 voluisse
822 3262 851 3312 et
878 3272 926 3313 me
954 3257 1067 3314 asinum

129 3364 302 3423 germanum
317 3348 413 3407 fuisse.
455 3348 514 3408 Sed
535 3348 592 3408 iarn
612 3358 725 3426 tempus
744 3360 787 3409 est
803 3369 851 3410 me
872 3352 968 3430 ipsum
988 3372 1068 3413 ame
