<?xml version="1.0" encoding="UTF-8"?>
<!DOCTYPE html PUBLIC "-//W3C//DTD XHTML 1.0 Transitional//EN"
    "http://www.w3.org/TR/xhtml1/DTD/xhtml1-transitional.dtd">
<html xmlns="http://www.w3.org/1999/xhtml" xml:lang="en" lang="en">
 <head>
  <title>
</title>
<meta http-equiv="Content-Type" content="text/html;charset=utf-8" />
  <meta name='ocr-system' content='tesseract 3.04.00' />
  <meta name='ocr-capabilities' content='ocr_page ocr_carea ocr_par ocr_line ocrx_word'/>
</head>
<body>
  <div class='ocr_page' id='page_1' title='image "./epistolaeselect00cicegoog/epistolaeselect00cicegoog_0219.png"; bbox 0 0 2392 3848; ppageno 0'>
   <div class='ocr_carea' id='block_1_1' title="bbox 121 200 1073 287">
    <p class='ocr_par' dir='ltr' id='par_1_1' title="bbox 121 200 1073 287">
     <span class='ocr_line' id='line_1_1' title="bbox 121 200 1073 287; baseline 0 -22"><span class='ocrx_word' id='word_1_1' title='bbox 121 200 291 287; x_wconf 56' lang='lat' dir='ltr'>emm]</span> <span class='ocrx_word' id='word_1_2' title='bbox 317 212 429 263; x_wconf 75' lang='lat' dir='ltr'>emsa</span> <span class='ocrx_word' id='word_1_3' title='bbox 450 213 501 263; x_wconf 75' lang='lat' dir='ltr'>An</span> <span class='ocrx_word' id='word_1_4' title='bbox 521 212 745 263; x_wconf 74' lang='lat' dir='ltr'>FAMILIARES</span> <span class='ocrx_word' id='word_1_5' title='bbox 765 217 814 266; x_wconf 78' lang='grc' dir='ltr'>ιν.</span> <span class='ocrx_word' id='word_1_6' title='bbox 842 220 890 283; x_wconf 88' lang='lat'>14.</span> <span class='ocrx_word' id='word_1_7' title='bbox 1010 219 1073 283; x_wconf 86' lang='lat'>203</span> 
     </span>
    </p>
   </div>
   <div class='ocr_carea' id='block_1_2' title="bbox 121 364 1075 1711">
    <p class='ocr_par' dir='ltr' id='par_1_2' title="bbox 121 364 1075 1711">
     <span class='ocr_line' id='line_1_2' title="bbox 122 364 1075 443; baseline -0.001 -17"><span class='ocrx_word' id='word_1_8' title='bbox 122 366 310 437; x_wconf 86' lang='lat' dir='ltr'>conficiatur,</span> <span class='ocrx_word' id='word_1_9' title='bbox 333 364 478 442; x_wconf 89' lang='lat' dir='ltr'>ipsosque,</span> <span class='ocrx_word' id='word_1_10' title='bbox 500 382 626 441; x_wconf 90' lang='lat' dir='ltr'>quorum</span> <span class='ocrx_word' id='word_1_11' title='bbox 651 366 770 425; x_wconf 91' lang='lat' dir='ltr'>nomina</span> <span class='ocrx_word' id='word_1_12' title='bbox 798 366 906 442; x_wconf 84' lang='lat' dir='ltr'><strong>scripsi,</strong></span> <span class='ocrx_word' id='word_1_13' title='bbox 927 375 959 424; x_wconf 92' lang='lat' dir='ltr'>ut</span> <span class='ocrx_word' id='word_1_14' title='bbox 986 385 1075 443; x_wconf 87' lang='lat' dir='ltr'>quam</span> 
     </span>
     <span class='ocr_line' id='line_1_3' title="bbox 121 462 1074 540; baseline 0.001 -17"><span class='ocrx_word' id='word_1_15' title='bbox 121 462 420 523; x_wconf 87' lang='lat' dir='ltr'>honorificentissime</span> <span class='ocrx_word' id='word_1_16' title='bbox 441 481 494 538; x_wconf 92' lang='lat' dir='ltr'>pro</span> <span class='ocrx_word' id='word_1_17' title='bbox 516 472 565 520; x_wconf 90' lang='lat' dir='ltr'>tua</span> <span class='ocrx_word' id='word_1_18' title='bbox 587 472 689 522; x_wconf 87' lang='lat' dir='ltr'>natura</span> <span class='ocrx_word' id='word_1_19' title='bbox 713 474 741 522; x_wconf 95' lang='lat' dir='ltr'>et</span> <span class='ocrx_word' id='word_1_20' title='bbox 765 482 854 540; x_wconf 91' lang='lat' dir='ltr'>quam</span> <span class='ocrx_word' id='word_1_21' title='bbox 877 464 1074 524; x_wconf 86' lang='lat' dir='ltr'>liberalissime</span> 
     </span>
     <span class='ocr_line' id='line_1_4' title="bbox 122 560 1074 636; baseline 0 -15"><span class='ocrx_word' id='word_1_22' title='bbox 122 570 245 621; x_wconf 76' lang='lat' dir='ltr'>tractes.</span> <span class='ocrx_word' id='word_1_23' title='bbox 276 578 302 636; x_wconf 82' lang='lat'>3.</span> <span class='ocrx_word' id='word_1_24' title='bbox 314 560 415 619; x_wconf 90' lang='lat' dir='ltr'>Bonos</span> <span class='ocrx_word' id='word_1_25' title='bbox 426 561 501 618; x_wconf 88' lang='lat' dir='ltr'>viros</span> <span class='ocrx_word' id='word_1_26' title='bbox 512 560 550 619; x_wconf 88' lang='lat' dir='ltr'>ad</span> <span class='ocrx_word' id='word_1_27' title='bbox 561 569 641 618; x_wconf 89' lang='lat' dir='ltr'>tuam</span> <span class='ocrx_word' id='word_1_28' title='bbox 652 561 895 620; x_wconf 86' lang='lat' dir='ltr'>necessitudinem</span> <span class='ocrx_word' id='word_1_29' title='bbox 910 562 1074 621; x_wconf 82' lang='lat' dir='ltr'>adiunxeris</span> 
     </span>
     <span class='ocr_line' id='line_1_5' title="bbox 123 658 1074 736; baseline -0.001 -18"><span class='ocrx_word' id='word_1_30' title='bbox 123 658 380 736; x_wconf 87' lang='lat' dir='ltr'>municipiumque</span> <span class='ocrx_word' id='word_1_31' title='bbox 394 658 589 734; x_wconf 88' lang='lat' dir='ltr'>gratissimum</span> <span class='ocrx_word' id='word_1_32' title='bbox 603 658 746 716; x_wconf 89' lang='lat' dir='ltr'>beneficio</span> <span class='ocrx_word' id='word_1_33' title='bbox 761 668 811 717; x_wconf 92' lang='lat' dir='ltr'>tuo</span> <span class='ocrx_word' id='word_1_34' title='bbox 826 659 994 730; x_wconf 84' lang='lat' dir='ltr'>devinxeris,</span> <span class='ocrx_word' id='word_1_35' title='bbox 1004 660 1074 718; x_wconf 92' lang='lat' dir='ltr'>mihi</span> 
     </span>
     <span class='ocr_line' id='line_1_6' title="bbox 123 755 1074 833; baseline 0 -16"><span class='ocrx_word' id='word_1_36' title='bbox 123 775 199 817; x_wconf 83' lang='lat' dir='ltr'>vero</span> <span class='ocrx_word' id='word_1_37' title='bbox 214 757 302 815; x_wconf 86' lang='lat' dir='ltr'>etiarn</span> <span class='ocrx_word' id='word_1_38' title='bbox 316 757 424 832; x_wconf 82' lang='lat' dir='ltr'>gratius</span> <span class='ocrx_word' id='word_1_39' title='bbox 442 755 552 827; x_wconf 84' lang='lat' dir='ltr'>leceris,</span> <span class='ocrx_word' id='word_1_40' title='bbox 567 757 647 832; x_wconf 92' lang='lat' dir='ltr'>quod</span> <span class='ocrx_word' id='word_1_41' title='bbox 667 775 734 815; x_wconf 83' lang='lat' dir='ltr'>curn</span> <span class='ocrx_word' id='word_1_42' title='bbox 753 775 869 833; x_wconf 86' lang='lat' dir='ltr'>semper</span> <span class='ocrx_word' id='word_1_43' title='bbox 888 759 960 817; x_wconf 89' lang='lat' dir='ltr'>tueri</span> <span class='ocrx_word' id='word_1_44' title='bbox 979 761 1074 818; x_wconf 91' lang='lat' dir='ltr'>muni-</span> 
     </span>
     <span class='ocr_line' id='line_1_7' title="bbox 125 852 1074 931; baseline -0.003 -17"><span class='ocrx_word' id='word_1_45' title='bbox 125 854 210 931; x_wconf 87' lang='lat' dir='ltr'>cipes</span> <span class='ocrx_word' id='word_1_46' title='bbox 224 864 307 912; x_wconf 79' lang='lat' dir='ltr'>meos</span> <span class='ocrx_word' id='word_1_47' title='bbox 322 853 469 924; x_wconf 90' lang='lat' dir='ltr'>consuevi,</span> <span class='ocrx_word' id='word_1_48' title='bbox 484 862 546 911; x_wconf 89' lang='lat' dir='ltr'>turn</span> <span class='ocrx_word' id='word_1_49' title='bbox 564 852 611 910; x_wconf 91' lang='lat' dir='ltr'>hic</span> <span class='ocrx_word' id='word_1_50' title='bbox 631 872 724 912; x_wconf 88' lang='lat' dir='ltr'>annus</span> <span class='ocrx_word' id='word_1_51' title='bbox 744 855 899 930; x_wconf 85' lang='lat' dir='ltr'>praecipue</span> <span class='ocrx_word' id='word_1_52' title='bbox 919 855 957 913; x_wconf 90' lang='lat' dir='ltr'>ad</span> <span class='ocrx_word' id='word_1_53' title='bbox 976 873 1074 912; x_wconf 87' lang='lat' dir='ltr'>meam</span> 
     </span>
     <span class='ocr_line' id='line_1_8' title="bbox 126 951 1074 1027; baseline -0.003 -14"><span class='ocrx_word' id='word_1_54' title='bbox 126 970 231 1013; x_wconf 82' lang='lat' dir='ltr'>euram</span> <span class='ocrx_word' id='word_1_55' title='bbox 248 951 434 1027; x_wconf 86' lang='lat' dir='ltr'>officiumque</span> <span class='ocrx_word' id='word_1_56' title='bbox 455 952 595 1026; x_wconf 89' lang='lat' dir='ltr'>pertinet:</span> <span class='ocrx_word' id='word_1_57' title='bbox 617 970 686 1008; x_wconf 89' lang='lat' dir='ltr'>narn</span> <span class='ocrx_word' id='word_1_58' title='bbox 708 952 902 1010; x_wconf 91' lang='lat' dir='ltr'>constituendi</span> <span class='ocrx_word' id='word_1_59' title='bbox 923 951 1074 1026; x_wconf 88' lang='lat' dir='ltr'>municipii</span> 
     </span>
     <span class='ocr_line' id='line_1_9' title="bbox 127 1048 1074 1109; baseline -0.001 0"><span class='ocrx_word' id='word_1_60' title='bbox 127 1066 219 1109; x_wconf 76' lang='lat' dir='ltr'>eausa</span> <span class='ocrx_word' id='word_1_61' title='bbox 232 1049 291 1108; x_wconf 90' lang='lat' dir='ltr'>hoc</span> <span class='ocrx_word' id='word_1_62' title='bbox 305 1066 383 1107; x_wconf 88' lang='lat' dir='ltr'>anno</span> <span class='ocrx_word' id='word_1_63' title='bbox 398 1048 520 1107; x_wconf 88' lang='lat' dir='ltr'>aedilem</span> <span class='ocrx_word' id='word_1_64' title='bbox 535 1049 625 1105; x_wconf 89' lang='lat' dir='ltr'>filiurn</span> <span class='ocrx_word' id='word_1_65' title='bbox 639 1066 738 1106; x_wconf 90' lang='lat' dir='ltr'>meum</span> <span class='ocrx_word' id='word_1_66' title='bbox 757 1049 818 1107; x_wconf 89' lang='lat' dir='ltr'>fieri</span> <span class='ocrx_word' id='word_1_67' title='bbox 836 1050 914 1108; x_wconf 91' lang='lat' dir='ltr'>volui</span> <span class='ocrx_word' id='word_1_68' title='bbox 933 1058 962 1108; x_wconf 92' lang='lat' dir='ltr'>et</span> <span class='ocrx_word' id='word_1_69' title='bbox 980 1048 1074 1108; x_wconf 87' lang='lat' dir='ltr'>fratris</span> 
     </span>
     <span class='ocr_line' id='line_1_10' title="bbox 126 1144 1074 1216; baseline 0 -11"><span class='ocrx_word' id='word_1_70' title='bbox 126 1146 220 1205; x_wconf 81' lang='lat' dir='ltr'>filium</span> <span class='ocrx_word' id='word_1_71' title='bbox 248 1156 278 1207; x_wconf 93' lang='lat' dir='ltr'>et</span> <span class='ocrx_word' id='word_1_72' title='bbox 304 1147 347 1206; x_wconf 89' lang='lat' dir='ltr'>M.</span> <span class='ocrx_word' id='word_1_73' title='bbox 371 1144 516 1216; x_wconf 88' lang='lat' dir='ltr'>Caesium,</span> <span class='ocrx_word' id='word_1_74' title='bbox 540 1146 691 1204; x_wconf 90' lang='lat' dir='ltr'>hominem</span> <span class='ocrx_word' id='word_1_75' title='bbox 719 1147 790 1204; x_wconf 91' lang='lat' dir='ltr'>mihi</span> <span class='ocrx_word' id='word_1_76' title='bbox 818 1149 945 1205; x_wconf 82' lang='lat' dir='ltr'>maxime</span> <span class='ocrx_word' id='word_1_77' title='bbox 972 1166 1074 1206; x_wconf 92' lang='lat' dir='ltr'>neces·</span> 
     </span>
     <span class='ocr_line' id='line_1_11' title="bbox 127 1243 1073 1320; baseline 0 -17"><span class='ocrx_word' id='word_1_78' title='bbox 127 1244 255 1309; x_wconf 72' lang='lat' dir='ltr'>sarium</span> <span class='ocrx_word' id='word_1_79' title='bbox 271 1243 295 1303; x_wconf 91' lang='lat' dir='ltr'>is</span> <span class='ocrx_word' id='word_1_80' title='bbox 309 1244 386 1302; x_wconf 91' lang='lat' dir='ltr'>enim</span> <span class='ocrx_word' id='word_1_81' title='bbox 401 1244 585 1317; x_wconf 87' lang='lat' dir='ltr'>magistratus</span> <span class='ocrx_word' id='word_1_82' title='bbox 600 1243 630 1299; x_wconf 92' lang='lat' dir='ltr'>in</span> <span class='ocrx_word' id='word_1_83' title='bbox 644 1253 744 1302; x_wconf 92' lang='lat' dir='ltr'>nostro</span> <span class='ocrx_word' id='word_1_84' title='bbox 759 1245 917 1320; x_wconf 89' lang='lat' dir='ltr'>municipio</span> <span class='ocrx_word' id='word_1_85' title='bbox 932 1263 987 1303; x_wconf 88' lang='lat' dir='ltr'>nec</span> <span class='ocrx_word' id='word_1_86' title='bbox 1002 1245 1073 1303; x_wconf 88' lang='lat' dir='ltr'>alius</span> 
     </span>
     <span class='ocr_line' id='line_1_12' title="bbox 126 1339 1074 1418; baseline 0 -17"><span class='ocrx_word' id='word_1_87' title='bbox 126 1340 203 1401; x_wconf 87' lang='lat' dir='ltr'>ullus</span> <span class='ocrx_word' id='word_1_88' title='bbox 216 1343 307 1401; x_wconf 87' lang='lat' dir='ltr'>creari</span> <span class='ocrx_word' id='word_1_89' title='bbox 321 1342 411 1412; x_wconf 90' lang='lat' dir='ltr'>solet;</span> <span class='ocrx_word' id='word_1_90' title='bbox 433 1359 509 1416; x_wconf 90' lang='lat' dir='ltr'>quos</span> <span class='ocrx_word' id='word_1_91' title='bbox 529 1339 731 1399; x_wconf 90' lang='lat' dir='ltr'>cohonestaris</span> <span class='ocrx_word' id='word_1_92' title='bbox 750 1342 780 1399; x_wconf 90' lang='lat' dir='ltr'>in</span> <span class='ocrx_word' id='word_1_93' title='bbox 799 1343 959 1418; x_wconf 88' lang='lat' dir='ltr'>primisque</span> <span class='ocrx_word' id='word_1_94' title='bbox 978 1361 1033 1412; x_wconf 92' lang='lat' dir='ltr'>me,</span> <span class='ocrx_word' id='word_1_95' title='bbox 1049 1343 1074 1401; x_wconf 89' lang='lat' dir='ltr'>si</span> 
     </span>
     <span class='ocr_line' id='line_1_13' title="bbox 127 1437 1073 1516; baseline 0 -19"><span class='ocrx_word' id='word_1_96' title='bbox 127 1456 176 1497; x_wconf 85' lang='lat' dir='ltr'>res</span> <span class='ocrx_word' id='word_1_97' title='bbox 196 1439 313 1516; x_wconf 90' lang='lat' dir='ltr'>publica</span> <span class='ocrx_word' id='word_1_98' title='bbox 331 1438 480 1513; x_wconf 91' lang='lat' dir='ltr'>municipii</span> <span class='ocrx_word' id='word_1_99' title='bbox 499 1448 549 1495; x_wconf 90' lang='lat' dir='ltr'>tuo</span> <span class='ocrx_word' id='word_1_100' title='bbox 568 1437 672 1509; x_wconf 90' lang='lat' dir='ltr'>studio,</span> <span class='ocrx_word' id='word_1_101' title='bbox 687 1439 835 1514; x_wconf 87' lang='lat' dir='ltr'>diligentia</span> <span class='ocrx_word' id='word_1_102' title='bbox 855 1442 930 1498; x_wconf 90' lang='lat' dir='ltr'>bene</span> <span class='ocrx_word' id='word_1_103' title='bbox 951 1440 1073 1499; x_wconf 88' lang='lat' dir='ltr'>admini-</span> 
     </span>
     <span class='ocr_line' id='line_1_14' title="bbox 129 1533 1073 1615; baseline 0.002 -21"><span class='ocrx_word' id='word_1_104' title='bbox 129 1544 219 1595; x_wconf 81' lang='lat' dir='ltr'>strata</span> <span class='ocrx_word' id='word_1_105' title='bbox 238 1538 299 1596; x_wconf 89' lang='lat' dir='ltr'>erit.</span> <span class='ocrx_word' id='word_1_106' title='bbox 341 1535 431 1608; x_wconf 90' lang='lat' dir='ltr'>Quod</span> <span class='ocrx_word' id='word_1_107' title='bbox 451 1545 483 1593; x_wconf 89' lang='lat' dir='ltr'>ut</span> <span class='ocrx_word' id='word_1_108' title='bbox 504 1533 601 1605; x_wconf 82' lang='lat' dir='ltr'>facias,</span> <span class='ocrx_word' id='word_1_109' title='bbox 623 1545 652 1594; x_wconf 93' lang='lat' dir='ltr'>te</span> <span class='ocrx_word' id='word_1_110' title='bbox 672 1535 857 1596; x_wconf 91' lang='lat' dir='ltr'>vehementer</span> <span class='ocrx_word' id='word_1_111' title='bbox 877 1539 964 1596; x_wconf 88' lang='lat' dir='ltr'>etiam</span> <span class='ocrx_word' id='word_1_112' title='bbox 986 1549 1073 1615; x_wconf 90' lang='lat' dir='ltr'>atque</span> 
     </span>
     <span class='ocr_line' id='line_1_15' title="bbox 129 1633 319 1711; baseline 0.016 -19"><span class='ocrx_word' id='word_1_113' title='bbox 129 1633 217 1693; x_wconf 83' lang='lat' dir='ltr'>etiam</span> <span class='ocrx_word' id='word_1_114' title='bbox 235 1653 319 1711; x_wconf 86' lang='lat' dir='ltr'>rogo.</span> 
     </span>
    </p>
   </div>
   <div class='ocr_carea' id='block_1_3' title="bbox 319 1790 884 1865">
    <p class='ocr_par' dir='ltr' id='par_1_3' title="bbox 319 1790 884 1865">
     <span class='ocr_line' id='line_1_16' title="bbox 319 1790 884 1865; baseline 0.005 -15"><span class='ocrx_word' id='word_1_115' title='bbox 319 1790 369 1850; x_wconf 77' lang='lat'>94.</span> <span class='ocrx_word' id='word_1_116' title='bbox 410 1791 467 1850; x_wconf 91' lang='lat' dir='ltr'>AD</span> <span class='ocrx_word' id='word_1_117' title='bbox 488 1791 741 1851; x_wconf 89' lang='lat' dir='ltr'><strong>FAMILIARES</strong></span> <span class='ocrx_word' id='word_1_118' title='bbox 763 1792 815 1851; x_wconf 88' lang='lat' dir='ltr'>IV.</span> <span class='ocrx_word' id='word_1_119' title='bbox 839 1810 884 1865; x_wconf 90' lang='lat'>14.</span> 
     </span>
    </p>
   </div>
   <div class='ocr_carea' id='block_1_4' title="bbox 382 1905 821 2071">
    <p class='ocr_par' dir='ltr' id='par_1_4' title="bbox 382 1905 821 2071">
     <span class='ocr_line' id='line_1_17' title="bbox 406 1905 794 1980; baseline 0.003 -17"><span class='ocrx_word' id='word_1_120' title='bbox 406 1905 472 1966; x_wconf 83' lang='lat' dir='ltr'>Scn.</span> <span class='ocrx_word' id='word_1_121' title='bbox 494 1906 603 1965; x_wconf 80' lang='lat' dir='ltr'>Rormn</span> <span class='ocrx_word' id='word_1_122' title='bbox 624 1925 707 1966; x_wconf 68' lang='lat' dir='ltr'>auc.</span> <span class='ocrx_word' id='word_1_123' title='bbox 727 1909 794 1980; x_wconf 82' lang='lat'><strong>708.</strong></span> 
     </span>
     <span class='ocr_line' id='line_1_18' title="bbox 382 2028 821 2071; baseline 0 -1"><span class='ocrx_word' id='word_1_124' title='bbox 382 2028 413 2070; x_wconf 81' lang='lat' dir='ltr'>u.</span> <span class='ocrx_word' id='word_1_125' title='bbox 427 2029 530 2070; x_wconf 77' lang='lat' dir='ltr'>menno</span> <span class='ocrx_word' id='word_1_126' title='bbox 549 2029 571 2070; x_wconf 94' lang='lat' dir='ltr'>s.</span> <span class='ocrx_word' id='word_1_127' title='bbox 587 2029 615 2069; x_wconf 86' lang='lat' dir='ltr'>n.</span> <span class='ocrx_word' id='word_1_128' title='bbox 630 2030 674 2071; x_wconf 79' lang='lat' dir='ltr'>cu.</span> <span class='ocrx_word' id='word_1_129' title='bbox 689 2029 821 2071; x_wconf 74' lang='lat' dir='ltr'>renuero.</span> 
     </span>
    </p>
   </div>
   <div class='ocr_carea' id='block_1_5' title="bbox 126 2124 1073 3469">
    <p class='ocr_par' dir='ltr' id='par_1_5' title="bbox 126 2124 1073 3469">
     <span class='ocr_line' id='line_1_19' title="bbox 172 2124 1073 2204; baseline 0.004 -22"><span class='ocrx_word' id='word_1_130' title='bbox 172 2142 198 2185; x_wconf 90' lang='lat'>1.</span> <span class='ocrx_word' id='word_1_131' title='bbox 220 2124 310 2183; x_wconf 69' lang='lat' dir='ltr'>Butes</span> <span class='ocrx_word' id='word_1_132' title='bbox 327 2134 389 2183; x_wconf 88' lang='lat' dir='ltr'>ate</span> <span class='ocrx_word' id='word_1_133' title='bbox 411 2125 510 2200; x_wconf 91' lang='lat' dir='ltr'>accepi</span> <span class='ocrx_word' id='word_1_134' title='bbox 532 2126 647 2196; x_wconf 78' lang='lat' dir='ltr'>litteraS,</span> <span class='ocrx_word' id='word_1_135' title='bbox 664 2124 807 2200; x_wconf 88' lang='lat' dir='ltr'>Corcyrae</span> <span class='ocrx_word' id='word_1_136' title='bbox 829 2127 927 2198; x_wconf 84' lang='lat' dir='ltr'>datas3</span> <span class='ocrx_word' id='word_1_137' title='bbox 950 2146 1073 2204; x_wconf 89' lang='lat' dir='ltr'>quarum</span> 
     </span>
     <span class='ocr_line' id='line_1_20' title="bbox 130 2221 1072 2302; baseline 0.003 -21"><span class='ocrx_word' id='word_1_138' title='bbox 130 2221 225 2281; x_wconf 79' lang='lat' dir='ltr'>alteris</span> <span class='ocrx_word' id='word_1_139' title='bbox 242 2221 312 2279; x_wconf 89' lang='lat' dir='ltr'>mihi</span> <span class='ocrx_word' id='word_1_140' title='bbox 332 2223 522 2298; x_wconf 84' lang='lat' dir='ltr'>gratulabare,</span> <span class='ocrx_word' id='word_1_141' title='bbox 537 2223 618 2298; x_wconf 92' lang='lat' dir='ltr'>quod</span> <span class='ocrx_word' id='word_1_142' title='bbox 639 2224 769 2282; x_wconf 89' lang='lat' dir='ltr'>audisses</span> <span class='ocrx_word' id='word_1_143' title='bbox 790 2243 838 2283; x_wconf 90' lang='lat' dir='ltr'>me</span> <span class='ocrx_word' id='word_1_144' title='bbox 859 2243 956 2282; x_wconf 84' lang='lat' dir='ltr'>meam</span> <span class='ocrx_word' id='word_1_145' title='bbox 977 2227 1072 2302; x_wconf 91' lang='lat' dir='ltr'>pristi-</span> 
     </span>
     <span class='ocr_line' id='line_1_21' title="bbox 129 2319 1073 2398; baseline 0.004 -21"><span class='ocrx_word' id='word_1_146' title='bbox 129 2336 199 2377; x_wconf 85' lang='lat' dir='ltr'>nam</span> <span class='ocrx_word' id='word_1_147' title='bbox 224 2319 395 2394; x_wconf 86' lang='lat' dir='ltr'>dignitatem</span> <span class='ocrx_word' id='word_1_148' title='bbox 419 2321 559 2390; x_wconf 87' lang='lat' dir='ltr'>obtinere,</span> <span class='ocrx_word' id='word_1_149' title='bbox 581 2320 675 2378; x_wconf 92' lang='lat' dir='ltr'>alteris</span> <span class='ocrx_word' id='word_1_150' title='bbox 700 2321 817 2379; x_wconf 88' lang='lat' dir='ltr'>dicebas</span> <span class='ocrx_word' id='word_1_151' title='bbox 843 2331 871 2379; x_wconf 89' lang='lat' dir='ltr'>te</span> <span class='ocrx_word' id='word_1_152' title='bbox 895 2323 975 2392; x_wconf 91' lang='lat' dir='ltr'>velle,</span> <span class='ocrx_word' id='word_1_153' title='bbox 997 2341 1073 2398; x_wconf 88' lang='lat' dir='ltr'>quae</span> 
     </span>
     <span class='ocr_line' id='line_1_22' title="bbox 129 2417 1072 2495; baseline 0.005 -21"><span class='ocrx_word' id='word_1_154' title='bbox 129 2418 262 2493; x_wconf 82' lang='lat' dir='ltr'>egissem,</span> <span class='ocrx_word' id='word_1_155' title='bbox 275 2419 351 2475; x_wconf 87' lang='lat' dir='ltr'>bene</span> <span class='ocrx_word' id='word_1_156' title='bbox 370 2427 400 2476; x_wconf 89' lang='lat' dir='ltr'>et</span> <span class='ocrx_word' id='word_1_157' title='bbox 418 2418 535 2476; x_wconf 85' lang='lat' dir='ltr'>feliciter</span> <span class='ocrx_word' id='word_1_158' title='bbox 550 2418 671 2476; x_wconf 90' lang='lat' dir='ltr'>evenire.</span> <span class='ocrx_word' id='word_1_159' title='bbox 705 2417 773 2494; x_wconf 89' lang='lat' dir='ltr'>Ego</span> <span class='ocrx_word' id='word_1_160' title='bbox 787 2429 892 2489; x_wconf 87' lang='lat' dir='ltr'>autem,</span> <span class='ocrx_word' id='word_1_161' title='bbox 908 2421 932 2478; x_wconf 92' lang='lat' dir='ltr'>si</span> <span class='ocrx_word' id='word_1_162' title='bbox 947 2421 1072 2495; x_wconf 84' lang='lat' dir='ltr'>dignitas</span> 
     </span>
     <span class='ocr_line' id='line_1_23' title="bbox 129 2513 1072 2593; baseline 0.003 -20"><span class='ocrx_word' id='word_1_163' title='bbox 129 2523 173 2574; x_wconf 84' lang='lat' dir='ltr'>est</span> <span class='ocrx_word' id='word_1_164' title='bbox 185 2516 262 2573; x_wconf 91' lang='lat' dir='ltr'>bene</span> <span class='ocrx_word' id='word_1_165' title='bbox 276 2513 313 2572; x_wconf 92' lang='lat' dir='ltr'>de</span> <span class='ocrx_word' id='word_1_166' title='bbox 327 2534 358 2573; x_wconf 92' lang='lat' dir='ltr'>re</span> <span class='ocrx_word' id='word_1_167' title='bbox 373 2516 488 2591; x_wconf 87' lang='lat' dir='ltr'>publica</span> <span class='ocrx_word' id='word_1_168' title='bbox 502 2516 606 2573; x_wconf 90' lang='lat' dir='ltr'>sentire</span> <span class='ocrx_word' id='word_1_169' title='bbox 621 2525 650 2572; x_wconf 94' lang='lat' dir='ltr'>et</span> <span class='ocrx_word' id='word_1_170' title='bbox 668 2517 754 2573; x_wconf 91' lang='lat' dir='ltr'>bonis</span> <span class='ocrx_word' id='word_1_171' title='bbox 768 2517 833 2574; x_wconf 91' lang='lat' dir='ltr'>viris</span> <span class='ocrx_word' id='word_1_172' title='bbox 854 2519 976 2593; x_wconf 86' lang='lat' dir='ltr'>probare</span> <span class='ocrx_word' id='word_1_173' title='bbox 992 2519 1072 2593; x_wconf 91' lang='lat' dir='ltr'>quod</span> 
     </span>
     <span class='ocr_line' id='line_1_24' title="bbox 129 2613 1070 2690; baseline 0.002 -19"><span class='ocrx_word' id='word_1_174' title='bbox 129 2613 244 2684; x_wconf 85' lang='lat' dir='ltr'>sentias,</span> <span class='ocrx_word' id='word_1_175' title='bbox 259 2613 378 2671; x_wconf 91' lang='lat' dir='ltr'>obtineo</span> <span class='ocrx_word' id='word_1_176' title='bbox 394 2613 563 2687; x_wconf 90' lang='lat' dir='ltr'>dignitatem</span> <span class='ocrx_word' id='word_1_177' title='bbox 578 2631 674 2670; x_wconf 85' lang='lat' dir='ltr'>meam</span> <span class='ocrx_word' id='word_1_178' title='bbox 682 2632 690 2684; x_wconf 89' lang='lat'>;</span> <span class='ocrx_word' id='word_1_179' title='bbox 713 2615 757 2671; x_wconf 93' lang='lat' dir='ltr'>sin</span> <span class='ocrx_word' id='word_1_180' title='bbox 771 2624 868 2672; x_wconf 87' lang='lat' dir='ltr'>autem</span> <span class='ocrx_word' id='word_1_181' title='bbox 882 2615 912 2671; x_wconf 92' lang='lat' dir='ltr'>in</span> <span class='ocrx_word' id='word_1_182' title='bbox 926 2633 962 2673; x_wconf 89' lang='lat' dir='ltr'>eo</span> <span class='ocrx_word' id='word_1_183' title='bbox 978 2616 1070 2690; x_wconf 89' lang='lat' dir='ltr'>digni-</span> 
     </span>
     <span class='ocr_line' id='line_1_25' title="bbox 129 2711 1070 2790; baseline 0.002 -19"><span class='ocrx_word' id='word_1_184' title='bbox 129 2722 172 2771; x_wconf 84' lang='lat' dir='ltr'>tas</span> <span class='ocrx_word' id='word_1_185' title='bbox 186 2721 239 2782; x_wconf 89' lang='lat' dir='ltr'>est,</span> <span class='ocrx_word' id='word_1_186' title='bbox 255 2712 287 2783; x_wconf 88' lang='lat' dir='ltr'>si,</span> <span class='ocrx_word' id='word_1_187' title='bbox 302 2712 383 2787; x_wconf 91' lang='lat' dir='ltr'>quod</span> <span class='ocrx_word' id='word_1_188' title='bbox 398 2712 513 2781; x_wconf 74' lang='lat' dir='ltr'>sentiae,</span> <span class='ocrx_word' id='word_1_189' title='bbox 529 2722 578 2768; x_wconf 88' lang='lat' dir='ltr'>aut</span> <span class='ocrx_word' id='word_1_190' title='bbox 592 2730 623 2768; x_wconf 89' lang='lat' dir='ltr'>rc</span> <span class='ocrx_word' id='word_1_191' title='bbox 637 2711 750 2769; x_wconf 88' lang='lat' dir='ltr'>efficere</span> <span class='ocrx_word' id='word_1_192' title='bbox 764 2715 859 2787; x_wconf 92' lang='lat' dir='ltr'>possis</span> <span class='ocrx_word' id='word_1_193' title='bbox 877 2723 926 2771; x_wconf 91' lang='lat' dir='ltr'>aut</span> <span class='ocrx_word' id='word_1_194' title='bbox 945 2715 1070 2790; x_wconf 90' lang='lat' dir='ltr'>denique</span> 
     </span>
     <span class='ocr_line' id='line_1_26' title="bbox 127 2808 1070 2885; baseline 0.002 -17"><span class='ocrx_word' id='word_1_195' title='bbox 127 2810 217 2868; x_wconf 70' lang='lat' dir='ltr'>libera</span> <span class='ocrx_word' id='word_1_196' title='bbox 229 2811 360 2868; x_wconf 88' lang='lat' dir='ltr'>oratione</span> <span class='ocrx_word' id='word_1_197' title='bbox 378 2808 541 2879; x_wconf 86' lang='lat' dir='ltr'>defendere,</span> <span class='ocrx_word' id='word_1_198' title='bbox 557 2827 594 2866; x_wconf 89' lang='lat' dir='ltr'>ne</span> <span class='ocrx_word' id='word_1_199' title='bbox 612 2810 764 2884; x_wconf 90' lang='lat' dir='ltr'>vestigium</span> <span class='ocrx_word' id='word_1_200' title='bbox 783 2809 901 2885; x_wconf 90' lang='lat' dir='ltr'>quidem</span> <span class='ocrx_word' id='word_1_201' title='bbox 919 2812 1009 2869; x_wconf 91' lang='lat' dir='ltr'>ullum</span> <span class='ocrx_word' id='word_1_202' title='bbox 1026 2823 1070 2870; x_wconf 90' lang='lat' dir='ltr'>est</span> 
     </span>
     <span class='ocr_line' id='line_1_27' title="bbox 127 2906 1070 2984; baseline 0.001 -19"><span class='ocrx_word' id='word_1_203' title='bbox 127 2907 271 2984; x_wconf 88' lang='lat' dir='ltr'>reliquum</span> <span class='ocrx_word' id='word_1_204' title='bbox 292 2907 377 2963; x_wconf 93' lang='lat' dir='ltr'>nobis</span> <span class='ocrx_word' id='word_1_205' title='bbox 399 2906 553 2980; x_wconf 89' lang='lat' dir='ltr'>dignitatis,</span> <span class='ocrx_word' id='word_1_206' title='bbox 569 2908 718 2983; x_wconf 89' lang='lat' dir='ltr'>agiturque</span> <span class='ocrx_word' id='word_1_207' title='bbox 739 2907 893 2982; x_wconf 91' lang='lat' dir='ltr'>praeclare,</span> <span class='ocrx_word' id='word_1_208' title='bbox 910 2909 932 2965; x_wconf 93' lang='lat' dir='ltr'>si</span> <span class='ocrx_word' id='word_1_209' title='bbox 954 2919 1070 2967; x_wconf 91' lang='lat' dir='ltr'>nosmet</span> 
     </span>
     <span class='ocr_line' id='line_1_28' title="bbox 127 3002 1069 3079; baseline 0.002 -17"><span class='ocrx_word' id='word_1_210' title='bbox 127 3002 207 3079; x_wconf 86' lang='lat' dir='ltr'>ipsos</span> <span class='ocrx_word' id='word_1_211' title='bbox 227 3021 329 3078; x_wconf 88' lang='lat' dir='ltr'>regere</span> <span class='ocrx_word' id='word_1_212' title='bbox 350 3020 515 3078; x_wconf 89' lang='lat' dir='ltr'>possumus,</span> <span class='ocrx_word' id='word_1_213' title='bbox 537 3013 632 3073; x_wconf 85' lang='lat' dir='ltr'>ntea,</span> <span class='ocrx_word' id='word_1_214' title='bbox 654 3022 728 3079; x_wconf 88' lang='lat' dir='ltr'>quae</span> <span class='ocrx_word' id='word_1_215' title='bbox 750 3006 854 3079; x_wconf 89' lang='lat' dir='ltr'>partim</span> <span class='ocrx_word' id='word_1_216' title='bbox 875 3005 932 3062; x_wconf 88' lang='lat' dir='ltr'>iarn</span> <span class='ocrx_word' id='word_1_217' title='bbox 955 3005 1069 3076; x_wconf 87' lang='lat' dir='ltr'>adsunt,</span> 
     </span>
     <span class='ocr_line' id='line_1_29' title="bbox 127 3101 1069 3178; baseline 0.005 -19"><span class='ocrx_word' id='word_1_218' title='bbox 127 3102 231 3177; x_wconf 85' lang='lat' dir='ltr'>partim</span> <span class='ocrx_word' id='word_1_219' title='bbox 246 3101 425 3178; x_wconf 89' lang='lat' dir='ltr'>impendent,</span> <span class='ocrx_word' id='word_1_220' title='bbox 440 3101 590 3159; x_wconf 88' lang='lat' dir='ltr'>moderate</span> <span class='ocrx_word' id='word_1_221' title='bbox 605 3101 738 3166; x_wconf 84' lang='lat' dir='ltr'>seramus,</span> <span class='ocrx_word' id='word_1_222' title='bbox 754 3102 834 3176; x_wconf 89' lang='lat' dir='ltr'>quod</span> <span class='ocrx_word' id='word_1_223' title='bbox 848 3112 891 3160; x_wconf 89' lang='lat' dir='ltr'>est</span> <span class='ocrx_word' id='word_1_224' title='bbox 906 3103 1018 3162; x_wconf 89' lang='lat' dir='ltr'>difficile</span> <span class='ocrx_word' id='word_1_225' title='bbox 1038 3107 1069 3165; x_wconf 90' lang='lat' dir='ltr'>in</span> 
     </span>
     <span class='ocr_line' id='line_1_30' title="bbox 127 3197 1069 3280; baseline 0.004 -24"><span class='ocrx_word' id='word_1_226' title='bbox 127 3198 187 3257; x_wconf 87' lang='lat' dir='ltr'>eius</span> <span class='ocrx_word' id='word_1_227' title='bbox 212 3198 294 3257; x_wconf 90' lang='lat' dir='ltr'>modi</span> <span class='ocrx_word' id='word_1_228' title='bbox 318 3197 508 3267; x_wconf 85' lang='lat' dir='ltr'>be110‚cuius</span> <span class='ocrx_word' id='word_1_229' title='bbox 536 3199 630 3256; x_wconf 87' lang='lat' dir='ltr'>exitus</span> <span class='ocrx_word' id='word_1_230' title='bbox 658 3216 695 3256; x_wconf 86' lang='lat' dir='ltr'>ex</span> <span class='ocrx_word' id='word_1_231' title='bbox 723 3198 811 3257; x_wconf 84' lang='lat' dir='ltr'>altera</span> <span class='ocrx_word' id='word_1_232' title='bbox 838 3209 919 3275; x_wconf 84' lang='lat' dir='ltr'>parte</span> <span class='ocrx_word' id='word_1_233' title='bbox 947 3203 1069 3280; x_wconf 88' lang='lat' dir='ltr'>caedem</span> 
     </span>
     <span class='ocr_line' id='line_1_31' title="bbox 127 3294 1068 3373; baseline 0.006 -20"><span class='ocrx_word' id='word_1_234' title='bbox 127 3304 260 3365; x_wconf 88' lang='lat' dir='ltr'>ostentat,</span> <span class='ocrx_word' id='word_1_235' title='bbox 283 3312 320 3352; x_wconf 88' lang='lat' dir='ltr'>ex</span> <span class='ocrx_word' id='word_1_236' title='bbox 341 3294 428 3353; x_wconf 88' lang='lat' dir='ltr'>altera</span> <span class='ocrx_word' id='word_1_237' title='bbox 452 3296 624 3353; x_wconf 88' lang='lat' dir='ltr'>servitutem.</span> <span class='ocrx_word' id='word_1_238' title='bbox 669 3315 694 3353; x_wconf 86' lang='lat'>2.</span> <span class='ocrx_word' id='word_1_239' title='bbox 717 3295 785 3367; x_wconf 90' lang='lat' dir='ltr'>Quo</span> <span class='ocrx_word' id='word_1_240' title='bbox 807 3297 836 3353; x_wconf 91' lang='lat' dir='ltr'>in</span> <span class='ocrx_word' id='word_1_241' title='bbox 858 3299 985 3373; x_wconf 89' lang='lat' dir='ltr'>periculo</span> <span class='ocrx_word' id='word_1_242' title='bbox 1006 3318 1068 3359; x_wconf 93' lang='lat' dir='ltr'>non</span> 
     </span>
     <span class='ocr_line' id='line_1_32' title="bbox 126 3393 1065 3469; baseline 0.004 -16"><span class='ocrx_word' id='word_1_243' title='bbox 126 3393 195 3453; x_wconf 88' lang='lat' dir='ltr'>nihil</span> <span class='ocrx_word' id='word_1_244' title='bbox 212 3411 260 3453; x_wconf 88' lang='lat' dir='ltr'>me</span> <span class='ocrx_word' id='word_1_245' title='bbox 279 3394 454 3463; x_wconf 85' lang='lat' dir='ltr'>consolatur,</span> <span class='ocrx_word' id='word_1_246' title='bbox 470 3411 538 3452; x_wconf 91' lang='lat' dir='ltr'>cum</span> <span class='ocrx_word' id='word_1_247' title='bbox 555 3393 692 3453; x_wconf 89' lang='lat' dir='ltr'>recordor</span> <span class='ocrx_word' id='word_1_248' title='bbox 709 3394 782 3453; x_wconf 90' lang='lat' dir='ltr'>haec</span> <span class='ocrx_word' id='word_1_249' title='bbox 803 3414 851 3454; x_wconf 89' lang='lat' dir='ltr'>me</span> <span class='ocrx_word' id='word_1_250' title='bbox 872 3406 934 3456; x_wconf 91' lang='lat' dir='ltr'>tum</span> <span class='ocrx_word' id='word_1_251' title='bbox 953 3398 1065 3469; x_wconf 89' lang='lat' dir='ltr'>vidisse,</span> 
     </span>
    </p>
   </div>
   <div class='ocr_carea' id='block_1_6' title="bbox 0 0 1200 3848">
    <p class='ocr_par' dir='ltr' id='par_1_6' title="bbox 0 0 1200 3848">
     <span class='ocr_line' id='line_1_33' title="bbox 0 0 1200 3848; baseline 0 0"><span class='ocrx_word' id='word_1_252' title='bbox 0 0 1200 3848; x_wconf 95' lang='lat' dir='ltr'> </span> 
     </span>
    </p>
   </div>
  </div>
 </body>
</html>
