2498 3840
155 222 199 284 sp.
214 204 256 290 a]
391 217 505 268 nrrsr.
526 216 576 267 Ab
597 218 765 269 Arrrcuu
784 222 808 270 r.
833 209 881 274 16.
1056 201 1096 292 ¹17

155 375 335 436 Hortensius
350 395 381 436 se
396 379 501 438 vidisse
516 388 645 450 tantum;
671 365 758 437 nemo
773 388 834 437 erat
850 379 899 454 qui
917 378 996 436 illum
1008 386 1098 435 reum

153 494 189 533 ac
203 494 267 533 nen
281 476 394 534 miliens
408 476 634 550 condemnatum
649 479 839 535 arbitraretur.
875 476 925 534 Me
941 494 1009 561 uero
1026 460 1098 536 teste

153 574 302 650 producto
321 575 409 633 credo
434 585 468 633 te'
487 594 523 633 ex
548 575 755 634 acclamatione
775 571 870 632 Clodii
890 575 1098 632 advocatorum
1156 579 1159 618 ἰ

154 671 275 732 audisse
310 691 394 748 quae
420 674 617 732 consurrectio
652 662 780 732 iudicum
811 673 887 730 fa'eta
921 673 965 743 sit,
993 682 1025 731 ut
1052 690 1100 729 me
1166 656 1168 660 Α

153 770 403 840 circumsteterint,
422 780 459 828 ut
479 777 577 847 aperte
599 769 696 846 iugula
718 788 770 828 sua
790 787 844 846 pro
865 787 933 831 meo
953 770 1047 845 capite
1068 771 1100 830 P.

153 866 263 926 Clodio
282 869 467 927 ostentarint:
498 859 661 945 quaemihi
682 886 727 926 res
752 867 843 930 multo
864 868 1101 925 honorificentior

152 966 216 1024 visa
234 974 280 1024 est
299 984 388 1042 quam
405 975 454 1023 aut
475 958 530 1035 illa,
550 985 617 1025 cum
637 953 728 1022 iurare
747 966 786 1022 tui
808 966 884 1024 cives
903 965 1099 1023 Xenocratem

152 1064 354 1122 testimonium
385 1064 530 1121 dicentem
560 1063 775 1139 prohibuerunt,
805 1072 854 1121 aut
886 1080 953 1121 cum
987 1049 1099 1120 tabulas

152 1161 267 1218 Metelli
287 1161 442 1231 Numidici,
463 1180 531 1220 curn
551 1147 611 1230 eae,
629 1170 661 1218 ut
681 1179 746 1219 mos
767 1171 819 1230 est,
840 1154 1098 1231 circumferrentur,

152 1258 246 1316 nostri
271 1258 381 1316 iudices
405 1259 533 1335 aspicere
556 1259 728 1337 noluerunt;
750 1257 841 1316 multo
865 1256 945 1327 haec,
969 1259 1100 1334 inquam,
1121 1325 1171 1341 fi

151 1364 254 1413 nostra
268 1374 315 1413 res
329 1355 430 1413 maior.
474 1369 500 1429 5.
530 1355 632 1430 Itaque
654 1355 781 1412 iudicum
803 1353 931 1425 vocibuS,
953 1373 1021 1411 cum
1041 1335 1120 1430 egol

152 1452 193 1511 sie
209 1454 248 1511 ab
262 1453 306 1525 iic,
320 1463 352 1511 ut
367 1452 444 1512 salus
458 1452 575 1529 patriae,
591 1451 766 1522 defenderer,
782 1451 888 1509 fractus
903 1470 969 1510 reus
991 1462 1019 1511 et
1039 1471 1098 1510 una

151 1551 269 1625 patroni
291 1568 396 1609 omnes
419 1550 628 1621 conciderunt3
664 1547 701 1607 ad
723 1567 770 1606 me
792 1559 889 1606 autem
918 1549 1021 1607 eadem
1042 1550 1097 1607 fre-

150 1649 273 1723 quentia
290 1648 429 1724 postridie
447 1647 588 1717 convenit,
604 1665 729 1724 quacum
747 1647 847 1704 abiens
862 1647 1013 1704 consulatu
1033 1665 1097 1705 sum

151 1745 274 1804 domum
294 1744 436 1803 reductus.
472 1743 605 1802 Clamare
626 1743 763 1820 praeclari
782 1743 969 1817 Ariopagitae
988 1741 1099 1802 senon
1130 1728 1151 1795 t‘

151 1860 217 1902 esse
231 1853 370 1900 venturos
389 1842 443 1899 nisi
462 1841 606 1916 praesidio
623 1830 788 1899 constituto.
818 1829 960 1898 Refertur
976 1841 1014 1899 ad
1028 1861 1097 1900 con·
1143 1828 1147 1848 ²

151 1941 265 1998 silium:
300 1956 359 1995 una
384 1939 446 1995 sola
470 1939 611 2006 sententia
633 1938 807 2015 praesidium
833 1956 893 1995 non
918 1937 1096 1997 desideravit.
1137 1923 1145 1932 ⁸

151 2038 288 2097 Defertur
322 2054 368 2093 res
399 2036 436 2094 ad
471 2046 621 2094 senatum:
657 2036 823 2111 gravissime
858 2036 1096 2112 ornatissimeque

152 2135 316 2195 decernitur
325 2153 333 2204 ;
354 2133 507 2191 laudantur
520 2133 649 2206 iudices3
680 2132 762 2190 datur
780 2133 930 2208 negotium
945 2135 1095 2210 magistra·

150 2235 245 2304 tibus;
268 2250 476 2307 responsurum
490 2231 639 2288 hominem
661 2248 749 2288 nemo
764 2231 959 2289 arbitrabatur.
1001 2234 1097 2288 ἕσπετε

150 2337 195 2387 νῦν
208 2353 261 2402 μοι,
277 2335 389 2400 Μοῦσαι,
404 2329 492 2387 ὅππως
506 2331 536 2399 δὴ
550 2335 650 2401 πρῶτον
663 2333 714 2402 πῦρ
729 2331 832 2399 ἔμπεσε.
865 2327 952 2386 Nosti
964 2327 1086 2387 Calvum

150 2448 187 2487 ex
210 2427 392 2485 Nanneianis
414 2428 501 2496 illum,
523 2427 602 2484 illum
623 2425 804 2484 laudatorem
826 2444 933 2497 meum,
956 2425 992 2484 de
1014 2427 1095 2486 cuius

149 2526 283 2586 oratione
298 2544 367 2600 erga
380 2543 428 2583 me
442 2524 602 2582 honorifica
620 2524 657 2581 ad
672 2533 700 2581 te
716 2525 904 2598 scripseram:
932 2524 1022 2582 biduo
1043 2543 1097 2601 per

149 2638 244 2679 unum
259 2637 382 2688 servum,
397 2628 424 2676 et
438 2636 506 2676 eum
519 2635 556 2674 ex
570 2617 741 2693 gladiatorio
756 2617 834 2687 ludo,
856 2616 981 2675 confecit
1002 2627 1095 2675 totum

150 2719 322 2793 negotium3
355 2716 500 2774 arcessivit
522 2715 559 2772 ad
583 2734 622 2785 se,
646 2715 787 2790 promisit,
813 2715 980 2780 intercessit,
1007 2715 1099 2772 dedit·

149 2816 215 2874 Iam
229 2831 360 2872 vero-o
374 2814 403 2871 di
417 2815 488 2871 boni
502 2830 564 2871 rem
579 2813 720 2888 perditam
732 2813 866 2870 l—etiam
887 2822 989 2870 noctes
1004 2822 1094 2869 certa-

148 2933 215 2974 rum
242 2913 396 2970 mulierum
424 2923 510 2987 atque
535 2910 818 2968 adulescentulorum
842 2909 982 2967 nobilium
1004 2909 1094 2965 intro-

149 3013 305 3072 ductiones
332 3028 394 3067 non
428 3009 512 3066 nullis
539 3007 680 3065 iudicibus
709 3023 763 3082 pro
797 3007 939 3064 mercedis
975 3005 1094 3063 cumulo

148 3109 275 3169 fuerunt.
331 3106 377 3164 Ita
409 3122 524 3164 summo
558 3104 686 3162 discessu
719 3105 873 3171 bonorum,
906 3101 994 3177 pleno
1027 3100 1097 3160 foro*

148 3224 308 3275 servorum,
324 3223 391 3262 xxv.
407 3203 514 3261 iudices
529 3203 569 3260 ita
582 3202 670 3260 fortes
686 3210 783 3258 tamen
799 3201 919 3270 fuerunt,
931 3208 963 3256 ut
978 3217 1099 3258 summo*

148 3303 302 3382 proposito
319 3301 447 3377 periculo
475 3300 519 3357 vel
546 3299 639 3375 perire
667 3299 819 3355 maluerint
850 3316 938 3373 quam
973 3297 1093 3373 perdere

147 3403 270 3462 omnia:
310 3417 387 3467 xrxr.
415 3397 543 3468 fuerunt,
563 3415 638 3473 quos
666 3397 757 3455 fames
786 3397 879 3472 magis
904 3414 993 3474 <luam
1015 3394 1096 3454 fama'

614 3510 633 3558 0
