2392 3848
105 212 150 277 ep
166 198 222 284 m]
314 211 424 262 error.
447 212 497 262 An
517 212 741 261 FAMILIARES
762 214 787 261 r.
813 211 842 280 7.
1012 195 1054 278 65

106 367 207 439 amari,
227 368 346 446 quando
374 370 412 429 ab
438 370 492 429 illis
521 370 600 429 nullo
627 371 718 428 modo
746 386 876 445 possum.
920 366 1052 424 Domum

106 483 205 525 meam
224 466 306 543 quod
321 469 421 526 crebro
442 469 549 539 invisio,
565 479 609 526 est
627 469 697 526 mihi
715 467 798 525 valde
818 476 942 541 gratum.
985 463 1053 520 Via-

106 562 198 621 ticum
224 563 374 640 Crassipes
398 566 542 641 praeripit.
584 565 632 622 Tu
658 564 694 623 de
719 564 765 621 via
787 572 866 622 recta
889 562 919 618 in
943 561 1052 618 hortos.

105 658 231 718 Videtur
246 661 428 720 commodius
450 663 487 721 ad
503 672 549 720 te:
571 662 710 738 postridie
731 660 856 729 scilicet;
880 658 950 733 quid
973 658 1052 715 enim
1121 734 1125 741 ἦ

105 757 179 815 tua?
206 758 260 817 sed
283 759 445 819 viderimus.
488 760 698 818 Bibliothecam
726 758 797 815 mihi
826 757 866 814 tui
895 756 1053 832 pinxerunt
1128 788 1155 841 ,ᾧ

1030 862 1050 899 ι’·
1071 888 1088 909 'ss

1019 902 1061 969 l²¹

105 855 314 915 constrictione
334 866 363 915 et
384 858 511 934 sittybis:
532 875 585 915 eos
606 857 691 915 velim
711 856 821 914 laudes.

322 1014 371 1074 ao.
412 1012 470 1072 Ao
491 1012 742 1072 rimaranes
764 1013 787 1071 1.
812 1027 839 1088 7.

274 1124 340 1187 Sex.
361 1126 470 1187 Rouan
491 1146 585 1186 urrisu
605 1127 690 1188 Miro
711 1146 796 1186 nuc.
821 1129 888 1202 698.

305 1250 337 1291 u.
351 1251 453 1293 cronno
467 1252 488 1293 s.
504 1253 533 1292 n.
548 1253 572 1292 Ρ.
587 1252 723 1294 rnnruro
737 1252 854 1293 procos.

152 1364 179 1407 1.
200 1345 277 1406 Lacr
292 1356 356 1406 tuas
373 1347 488 1418 litteras,
506 1349 610 1424 quibus
629 1348 666 1406 ad
683 1367 731 1407 me
751 1349 852 1407 scribis
871 1357 986 1424 gratum
1003 1347 1054 1405 tibi

106 1462 183 1516 esse,
198 1445 279 1522 quod
293 1446 393 1504 crebro
410 1447 514 1504 certior
527 1463 579 1521 per
593 1465 640 1504 me
656 1447 707 1504 fias
722 1446 759 1504 de
774 1447 910 1505 omnibus
925 1447 1012 1503 rebus
1026 1454 1055 1502 et

106 1560 207 1601 meam
228 1561 298 1618 erga
317 1550 346 1600 te
367 1543 598 1601 benevolentiam
619 1543 701 1601 facile
723 1543 898 1620 perspicias:
929 1560 1054 1618 quorum

106 1641 232 1699 alterum
245 1639 371 1718 mihi,ut
384 1649 412 1698 te
430 1639 585 1716 plurimum
603 1641 728 1716 diligam,
746 1640 840 1698 facere
862 1657 982 1698 necesse
1000 1649 1053 1707 est,

107 1736 221 1797 sivoio
236 1736 261 1796 is
278 1755 351 1807 esse,
366 1754 455 1813 quern
475 1747 507 1794 tu
527 1756 575 1795 me
596 1756 659 1796 esse
678 1738 813 1809 voluisti3
836 1736 956 1795 alterum
978 1735 1054 1794 facio

105 1835 239 1906 libenter,
266 1846 307 1905 ut,
335 1836 475 1911 quoniam
503 1836 651 1895 intervallo
680 1836 812 1894 locorum
833 1845 862 1893 et
889 1846 1054 1910 temporum

107 1932 230 1993 diiuncti
250 1944 359 2004 sumus,
380 1951 432 2009 per
452 1934 559 1992 litteras
580 1944 676 1992 tecum
698 1952 786 2010 quam
806 1933 975 2009 saepissime
995 1933 1054 1990 col·

106 2030 227 2107 loquan'
264 2030 354 2104 Quod
383 2032 407 2090 si
436 2032 526 2090 rarius
553 2032 602 2090 fiet
629 2051 718 2107 quam
746 2042 776 2089 tu
804 2032 995 2108 exspectabis,
1024 2031 1054 2088 id

106 2129 163 2187 erit
182 2145 296 2200 causae,
317 2128 398 2204 quod
422 2147 484 2187 non
512 2130 573 2188 eius
601 2131 714 2205 generis
742 2148 825 2188 meae
847 2130 955 2188 litterae
978 2139 1053 2199 sunt,

106 2237 140 2287 ut
166 2244 218 2287 eas
244 2226 368 2285 audeam
388 2234 497 2286 temere
518 2229 717 2286 committere:
746 2228 880 2303 quotiens
900 2227 971 2284 mihi
993 2246 1054 2285 cer-

106 2335 205 2385 torum
231 2322 384 2383 hominum
412 2335 541 2401 potestas
565 2327 624 2396 erit,
653 2326 758 2400 quibus
786 2335 863 2383 reete
894 2325 970 2394 dem,
992 2343 1053 2384 non

106 2423 342 2501 praetermittam.
387 2442 413 2480 a.
443 2422 533 2494 Quod
562 2423 635 2481 scire
662 2424 714 2493 vis,
743 2440 801 2498 qua
830 2423 952 2498 quisque
975 2423 1005 2479 in
1026 2432 1054 2480 te

107 2520 167 2581 fide
187 2521 224 2579 sit
241 2530 271 2578 et
290 2520 447 2592 voluntate,
466 2521 578 2579 difficile
598 2520 677 2580 dictu
691 2531 735 2579 est
750 2521 786 2578 de
802 2521 941 2596 singulis:
964 2538 1055 2577 unum

106 2616 179 2677 iliud
208 2616 310 2689 audeo,
342 2618 423 2694 quod
456 2627 541 2677 antea
572 2619 623 2675 tibi
655 2636 742 2694 saepe
775 2618 943 2693 significavi,
976 2637 1055 2676 nunc

106 2734 228 2795 quoque
256 2734 288 2774 re
314 2725 468 2792 perspecta
496 2726 525 2774 et
554 2718 671 2792 cognita
703 2718 836 2787 scribere,
868 2717 1054 2775 vehementer

106 2814 254 2893 quosdam
280 2813 414 2872 homines
442 2822 471 2872 et
498 2832 550 2873 eos
578 2816 713 2886 maxime,
735 2815 784 2890 qui
813 2824 842 2872 te
870 2825 899 2873 et
927 2815 1054 2872 maxime

106 2912 269 2973 debuerunt
298 2920 327 2970 et
350 2912 506 2988 plurimum
527 2912 623 2969 iuvare
645 2922 812 2987 potuerunt,
834 2911 970 2969 invidisse
992 2911 1054 2987 dig·

106 3009 192 3069 nitati
210 3017 286 3078 tuae,
315 3007 547 3084 simillimamque
576 3008 606 3065 in
633 3027 664 3066 re
693 3007 823 3066 dissimili
851 3009 891 3065 tui
915 3009 1055 3083 temporis

106 3115 236 3167 nuncet
255 3105 347 3163 nostri
369 3104 519 3180 quondam
541 3104 628 3164 fuisse
650 3106 800 3176 rationem,
816 3115 855 3176 ut,
870 3123 946 3181 quos
965 3116 996 3163 tu
1015 3106 1055 3163 rei

106 3200 241 3283 publicae
262 3219 351 3261 causa
371 3201 505 3273 laeseras,
527 3202 623 3278 palam
645 3213 673 3261 te
694 3211 907 3278 oppugnarent,
929 3220 1055 3278 quorum

106 3300 317 3372 auctoritatem,
342 3300 513 3375 dignitatem
534 3301 770 3375 voluntatemque
792 3300 972 3372 defenderas,
994 3320 1054 3360 non

107 3406 169 3459 tam
189 3414 337 3457 memores
357 3407 455 3457 essent
475 3397 584 3456 virtutis
606 3409 671 3456 tuae
700 3416 789 3476 quam
817 3398 910 3458 laudis
938 3399 1053 3459 inimici.

570 3513 589 3554 r
