2392 3848
117 214 162 280 m
177 198 292 283 sam]
316 208 434 261 srtsr.
456 209 507 258 an
527 207 750 257 santernam
775 208 834 257 vn.
858 212 889 279 3.
1001 191 1061 275 189

115 362 162 423 cio
175 378 216 421 an
234 359 360 437 primum
379 367 480 435 putes:
502 357 600 434 plures
619 356 677 414 iam
696 374 824 432 pavones
844 354 957 414 confeci
971 374 1060 432 quarn

115 468 147 519 tu
159 457 256 536 pullos
270 456 460 516 columbinos.
490 454 539 513 Tu
553 454 616 512 istic
630 463 658 512 te
673 452 833 512 Hateriano
847 454 907 512 iure
918 453 1059 525 delectas3

114 573 173 633 ego
188 572 237 613 me
250 553 298 612 hic
312 553 458 612 Hirtiano.
499 551 576 609 Veni
590 551 683 627 igitur,
699 551 723 608 si
736 551 778 608 vir
791 569 831 622 es,
846 561 875 610 et
889 552 968 611 disce
981 570 999 610 a
1013 571 1060 609 me

112 654 315 729 rpolqope‘var,
330 669 403 728 quas
422 650 553 727 quaeris:
575 650 628 707 etsi
647 667 696 708 sus
715 649 886 709 Minervam.
930 649 988 709 Sed
1002 669 1062 727 quo

113 749 220 821 mod0,
247 749 355 807 videro.
401 767 429 820 4.
455 746 486 805 Si
514 746 729 804 aestimationes
757 756 821 804 tuas
848 747 973 806 vendere
1001 765 1062 805 non

116 856 204 924 potes
218 863 314 922 neque
328 845 417 904 ollam
432 845 616 902 denariorum
630 843 758 919 implere,
770 843 899 901 Romam
913 845 965 902 tibi
979 847 1063 903 remi-

115 943 265 1021 grandum
286 952 348 1001 est:
373 943 461 1000 satius
483 951 527 999 est
547 941 594 999 hic
615 941 753 999 cruditate
777 958 865 1015 quam
890 942 952 1000 istic
977 941 1064 1000 farne.

115 1039 217 1099 Video
240 1049 268 1100 te
293 1041 372 1098 bona
396 1039 571 1115 perdidisse;
601 1056 687 1114 spero
712 1038 790 1096 idem
813 1039 886 1097 istuc
909 1038 1064 1098 familiares

116 1148 195 1197 tuos,
238 1136 346 1195 Actum
360 1137 446 1213 igitur
460 1137 497 1194 de
511 1146 539 1194 te
554 1145 606 1206 est,
620 1136 676 1194 nisi
689 1137 832 1212 provides.
875 1136 963 1195 Potes
983 1137 1064 1195 mulo

113 1237 187 1308 isto,
204 1253 292 1312 quem
313 1236 365 1292 tibi
384 1234 525 1311 reliquum
546 1234 617 1293 dicis
637 1252 709 1305 esse,
725 1235 865 1311 quoniam
884 1233 1063 1292 cantherium

114 1332 281 1403 comedisti,
296 1332 424 1392 Romam
439 1332 564 1409 pervehi.
608 1332 684 1392 Sella
705 1333 755 1391 tibi
777 1333 828 1391 erit
849 1331 969 1390 inludo
990 1342 1065 1390 tam-

115 1447 211 1509 quam
225 1428 451 1507 hypodidascalo
464 1430 598 1507 proxima
605 1449 615 1503 ;
637 1448 702 1488 eam
716 1430 850 1506 pulvinus
866 1442 1010 1506 sequetur.

311 1590 358 1645 88.
401 1586 458 1645 AD
478 1585 733 1646 FAMILIARES
754 1587 824 1646 VII.
849 1608 875 1664 3.

261 1699 328 1762 Sca.
350 1700 459 1760 Rounr
480 1719 573 1760 nnusn
595 1701 736 1774 Qumrrnr
756 1721 837 1763 auc.
862 1717 877 1778 7
902 1705 929 1762 8.

382 1825 414 1866 u.
435 1825 537 1868 cremo
557 1825 579 1867 s.
600 1826 626 1867 n.
649 1827 681 1868 u.
702 1828 802 1868 uarro.

166 1957 194 2000 1.
214 1937 365 1998 Pnnsnnvn
386 1936 457 1996 mihi
478 1938 617 2014 cogitanti
641 1939 678 1997 de
703 1940 908 1999 communibus
935 1939 1067 2011 miseriis,

119 2040 154 2098 in
179 2037 284 2113 quibus
307 2046 349 2095 tot
374 2054 467 2094 annos
487 2055 634 2094 versamur
654 2046 692 2108 et,
712 2047 744 2095 ut
768 2039 861 2109 video,
883 2039 1068 2108 versabimur,

121 2135 197 2195 solet
229 2134 258 2192 in
290 2144 420 2191 mentem
447 2134 544 2191 venire
572 2133 645 2192 illius
673 2136 820 2209 temporis,
849 2155 908 2212 quo
936 2136 1069 2212 proxime

122 2233 232 2291 fuimus
256 2249 331 2301 una3
363 2231 433 2307 quin
458 2232 544 2289 etiam
571 2234 667 2306 ipsum
692 2233 768 2290 diem
796 2234 938 2293 memoria
965 2244 1069 2294 teneo:

121 2347 196 2389 nam
216 2346 242 2387 a.
260 2329 288 2388 d.
308 2348 349 2387 m.
371 2329 441 2387 Idus
462 2328 564 2399 Maias,
587 2329 711 2388 Lentulo
733 2342 761 2390 et
783 2331 922 2390 Marcello
944 2332 1071 2391 consuli-

122 2430 191 2496 bus,
219 2445 287 2486 cum
320 2427 350 2484 in
380 2426 592 2502 Pompeianum
619 2429 730 2504 vesperi
757 2430 909 2501 venissem,
938 2440 970 2492 tu
999 2432 1069 2491 mihi

125 2524 249 2585 sollicito
270 2524 369 2583 animo
390 2535 506 2600 praesto
525 2525 618 2597 fuisti;
641 2526 794 2585 sollicitum
814 2538 911 2586 autern
930 2539 959 2587 te
980 2527 1070 2588 habe-

125 2624 178 2682 bat
205 2622 341 2697 cogitatio
369 2640 436 2679 cum
465 2623 560 2690 officii,
586 2634 647 2681 tum
675 2624 762 2683 etiarn
790 2627 908 2701 periculi
935 2628 1009 2685 mei:
1046 2628 1071 2685 si

126 2737 276 2780 manerem
296 2720 326 2777 in
345 2719 435 2789 Italia,
450 2722 584 2778 verebare
606 2740 643 2779 ne
664 2722 760 2781 officio
780 2724 912 2783 deessem
919 2744 927 2796 ;
959 2726 982 2783 si
1004 2744 1071 2800 pro·

127 2819 272 2878 ficiscerer
295 2817 333 2875 ad
357 2817 474 2889 bellum,
500 2818 658 2894 periculum
683 2831 710 2878 te
734 2839 832 2879 meum
857 2824 1070 2882 commovebat.

127 2915 200 2989 Quo
227 2923 359 2991 tempore
387 2916 481 2974 vidisti
509 2917 639 2993 profecto
667 2937 715 2976 me
743 2937 860 2996 quoque
888 2921 928 2979 ita
956 2931 1073 2980 contur-

126 3014 239 3085 batum,
263 3022 295 3071 ut
319 3031 381 3071 non
405 3014 588 3088 explicarem,
610 3015 680 3090 quid
705 3027 780 3075 esset
804 3019 947 3093 optimum
974 3018 1051 3077 factu
1063 3038 1072 3092 3

129 3112 235 3188 pudori
251 3119 349 3169 tamen
366 3111 454 3169 malui
473 3112 625 3188 famaeque
642 3114 744 3173 cedere
761 3133 849 3190 quarn
872 3115 969 3175 salutis
990 3135 1073 3177 meae

130 3211 274 3269 rationem
299 3209 412 3268 ducere.
457 3229 483 3267 a.
506 3209 596 3270 Cuius
617 3230 665 3270 me
686 3214 744 3270 mei
764 3213 832 3271 facti
853 3214 991 3290 paenituit
1012 3235 1074 3275 non

130 3317 191 3368 tam
209 3315 328 3383 propter
344 3307 503 3383 periculum
524 3327 623 3367 meum
642 3329 730 3386 quam
750 3321 867 3387 propter
888 3312 955 3372 vitia
976 3314 1073 3385 multa,

132 3424 205 3485 quae
226 3405 269 3465 ibi
287 3405 405 3476 offendi,
428 3424 487 3485 quo
508 3426 658 3468 veneram:
688 3410 813 3485 primum
835 3429 929 3488 neque
951 3430 1074 3489 magnas
