2498 3840
149 189 214 259 216
327 242 332 255 .
428 203 466 258 M.
491 203 611 253 runnu
631 204 819 254 areanorum
964 190 1037 279 [rm
1050 205 1094 256 rr.

324 423 389 480 102.
431 418 488 478 AD
509 417 761 478 FAMILIARES
783 419 868 478 XIII.
890 436 919 492 4.

299 534 365 594 Sca.
380 533 489 594 Rouau
510 553 604 592 uuusu
625 532 758 593 Ocnosnr
779 552 863 594 auc.
880 548 948 611 709.

197 657 228 700 ra.
244 657 346 700 cresso
361 659 382 698 s.
398 659 426 698 n.
438 657 464 706 o.
479 658 606 699 vassum
619 657 647 706 o.
661 657 688 698 r.
703 657 796 699 orcus
810 658 926 700 ascaro
940 659 1044 701 suoru.

192 775 216 814 1.
239 755 308 814 Cuu
327 755 521 831 municipibus
535 753 734 813 Volaterranis
753 755 822 813 mihi
837 773 953 814 summa
966 757 1096 817 necessi-

148 854 219 913 tudo
244 863 305 926 est;
334 871 445 929 magno
470 853 548 911 enim
572 870 640 910 meo
664 853 808 911 beneficio
832 852 939 913 adfecti
963 855 1096 914 cumula-

148 954 258 1012 tissime
273 952 344 1009 mihi
365 951 487 1027 gratiam
508 949 691 1022 rettulerunt3
712 968 782 1008 nam
801 969 858 1009 nec
878 953 909 1009 in
930 950 1096 1012 bonoribus

148 1051 220 1109 mels
234 1070 281 1107 nec
295 1051 326 1106 in
341 1049 488 1106 laboribus
501 1066 642 1122 umquam
657 1047 817 1106 defuerunt.
860 1047 937 1107 Cum
947 1050 1057 1126 quibus
1071 1051 1097 1109 si

147 1148 218 1206 mihi
239 1148 318 1206 nulla
340 1164 429 1204 causa
449 1147 646 1216 Intercederet,
664 1156 771 1217 tamen,
789 1145 869 1222 quod
888 1156 917 1206 te
935 1147 1096 1206 vehemen-

147 1246 256 1304 tissime
280 1244 368 1319 diligo
393 1244 531 1320 quodque
555 1263 604 1302 me
628 1262 646 1302 a
670 1253 699 1302 te
722 1243 837 1320 plurimi
859 1244 920 1303 fieri
941 1246 1047 1312 sentio,
1066 1256 1098 1305 et

148 1359 298 1400 monerem
323 1351 351 1401 te
374 1353 402 1401 et
427 1342 563 1414 hortarer,
584 1350 617 1400 ut
640 1359 741 1399 eorum
766 1339 888 1400 fortunis
915 1343 1096 1415 consuleres,

148 1440 317 1516 praesertim
342 1457 409 1497 cum
433 1457 525 1515 prope
546 1439 733 1515 praecipuam
755 1455 873 1496 causam
894 1438 1036 1499 haberent
1056 1440 1098 1501 ad

149 1535 193 1594 ius
214 1537 422 1595 obtinendum:
445 1537 572 1612 primum
593 1535 674 1612 quod
695 1534 803 1593 Sullani
823 1536 962 1612 temporis
983 1539 1097 1597 acerbi·

148 1643 237 1693 tatem
265 1635 387 1694 deorum
415 1633 621 1692 immortalium
645 1633 823 1708 benignitate
848 1634 1094 1711 subterfugerunt,

148 1731 262 1803 deinde,
278 1733 358 1809 quod
376 1749 492 1790 summo
512 1732 608 1790 studio
625 1731 725 1807 populi
739 1730 868 1789 Romani
882 1749 900 1790 a
914 1751 961 1790 me
975 1734 1006 1791 in
1021 1753 1096 1795 con·

148 1830 242 1889 sulatu
269 1847 337 1888 meo
365 1829 477 1888 defensi
504 1837 580 1887 sunt.
624 1848 650 1886 a.
680 1828 756 1888 Cum
784 1830 854 1886 enain
881 1830 989 1889 tribuni
1015 1832 1096 1909 plebi

148 1927 243 2003 legem
257 1927 467 2004 iniquissimam
482 1925 518 1984 de
530 1945 630 1984 eorum
642 1927 718 2002 agris
729 1927 998 2003 promulgavissent,
1009 1929 1096 1991 facile

149 2027 260 2086 senatui
275 2026 443 2103 populoque
458 2024 595 2083 Romano
613 2025 751 2100 persuasi,
766 2034 798 2084 ut
817 2044 869 2084 eos
887 2027 972 2098 elves,
987 2029 1097 2106 quibus

148 2124 264 2183 fortuna
283 2123 469 2200 pepercisset,
485 2122 579 2180 salvos
600 2141 664 2181 esse
683 2122 795 2184 vellent.
837 2122 926 2182 Hanc
944 2126 1094 2187 actionem

148 2240 245 2279 meam
260 2221 293 2281 C.
309 2221 419 2281 Caesar
436 2221 532 2297 primo
550 2237 604 2278 suo
623 2220 775 2278 consulatu
794 2222 858 2297 lege
877 2224 989 2297 agraria
1010 2243 1095 2285 com·

147 2319 280 2396 probavit
294 2337 454 2395 agrumque
470 2319 691 2377 Volaterranum
709 2329 738 2377 et
756 2319 898 2395 oppidum
916 2321 998 2379 omni
1017 2325 1094 2400 peri.

149 2417 216 2475 culo
232 2417 261 2473 in
276 2426 448 2493 perpetuum
462 2417 597 2487 liberavit,
611 2426 643 2475 ut
661 2416 732 2474 mihi
752 2416 871 2475 dubium
889 2435 953 2476 non
970 2419 1009 2478 sit
1021 2424 1094 2498 quin

148 2513 181 2585 is,
196 2515 245 2590 qui
260 2532 352 2572 novas
366 2514 594 2573 necessitudines
608 2514 756 2589 adiungat,
770 2522 865 2572 vetera
878 2532 931 2572 sua
949 2517 1094 2580 beneficia

147 2611 313 2672 conservari
330 2611 405 2671 velit.
447 2612 683 2684 Quamobrem
702 2619 746 2669 est
762 2619 829 2670 tuae
850 2612 1021 2687 prudentiae
1043 2628 1094 2677 aut

149 2710 231 2784 sequi
260 2711 321 2767 eius
349 2711 554 2781 auctoritatem,
581 2710 662 2768 euius
687 2716 797 2767 sectam
824 2720 911 2786 atque
937 2711 1093 2788 imperium

149 2825 264 2866 summa
278 2825 346 2865 cum
360 2817 409 2865 tua
423 2808 561 2883 dignitate
576 2816 691 2865 secutus
702 2824 741 2878 es,
751 2816 800 2864 aut
812 2817 888 2865 certe
900 2807 937 2865 illi
948 2809 1093 2887 integram

148 2923 267 2964 omnem
282 2923 401 2963 causam
416 2923 574 2977 reservare;
597 2905 665 2963 illud
680 2923 748 2965 vero
762 2905 893 2964 dubitare
911 2924 973 2965 nou
991 2908 1093 2984 debes,

148 3004 219 3079 quin
240 3013 299 3061 tam
320 3020 415 3078 grave,
434 3013 492 3061 tam
510 3003 632 3074 firmum,
648 3013 707 3061 tam
726 3001 881 3060 honesturn
900 3006 1093 3084 municipIum

148 3101 199 3158 tibi
225 3111 276 3159 tuo
304 3118 419 3159 summo
448 3100 589 3158 beneficio
618 3101 647 3157 in
674 3110 847 3175 perpetuum
868 3101 990 3177 obligari
1010 3105 1091 3167 vella.

151 3218 177 3273 3.
201 3197 258 3257 Sed
279 3198 360 3269 haec,
376 3218 450 3274 quae
472 3217 559 3275 supra
580 3199 684 3274 scripta
703 3206 777 3268 sunt,
797 3215 834 3256 eo
855 3209 994 3274 spectant,
1009 3214 1042 3262 ut
1061 3214 1092 3266 te

149 3296 244 3354 horter
259 3307 287 3355 et
302 3297 456 3355 suadeam:
475 3296 584 3373 reliqua
599 3307 673 3361 sunt,
686 3314 760 3373 quae
774 3296 918 3372 pertinent
931 3299 968 3357 ad
983 3318 1092 3376 rogan·

150 3394 229 3465 dum,
248 3402 363 3453 utnon
384 3396 480 3454 solum
504 3405 553 3453 tua
577 3411 663 3455 causa
687 3393 738 3453 tibi
766 3393 918 3454 consilium
943 3413 992 3456 me
1020 3399 1093 3469 dare
