2392 3848
117 187 158 253 74
386 184 425 236 rr.
450 184 569 234 rorrrr
589 184 779 235 crcrnonrs
940 172 1011 259 [rm
1024 188 1056 239 n.

65 326 69 330 ’
115 341 263 408 exspect0,
281 333 351 409 quid
372 344 448 410 agat.
490 334 566 393 Illud
586 333 705 410 quidem
726 319 828 393 sumus
848 332 957 412 adepti,
978 335 1056 413 quod

115 431 211 488 multis
226 441 255 488 et
268 433 382 507 magnis
397 432 507 490 iudiciis
519 450 675 508 possumus
689 432 815 491 iudicare
830 450 886 490 nos
897 433 1018 493 Caesari
1030 445 1057 493 et

116 530 281 588 carissimos
291 539 319 587 et
330 531 553 590 iucundissimos
564 549 637 590 esse.
670 531 844 607 Dionysium
854 532 941 590 velim
952 535 1057 592 salvere

116 629 216 686 iubeas
237 637 266 686 et
283 648 351 687 eum
370 648 456 706 roges
478 641 506 688 et
522 629 646 699 hortere,
660 639 692 687 ut
709 629 943 704 quamprimum
957 631 1057 698 veniat,

116 736 148 783 ut
162 726 256 801 possit
264 723 438 784 Ciceronem
452 744 551 784 meum
565 735 652 801 atque
666 727 753 784 etiam
767 743 815 783 me
824 726 923 800 ipsum
938 726 1058 784 erudire.

330 911 377 967 29.
419 906 476 965 nn
496 907 747 966 murmuras
769 906 793 965 r.
817 927 844 982 9.

177 1019 243 1082 sm.
266 1020 376 1081 Rounu
395 1041 490 1080 mansu
510 1021 645 1081 Ocroruu
664 1041 801 1081 amunrn
821 1040 905 1084 aruc.
930 1038 1000 1099 700.

322 1144 353 1184 n.
375 1145 477 1188 creano
498 1144 570 1187 sn.
592 1146 616 1186 ι».
639 1146 775 1188 nnnruno
796 1147 856 1187 rur.

161 1255 187 1298 1.
208 1237 418 1299 Pnnrucununu
438 1241 507 1298 mihi
529 1241 644 1300 suerunt
665 1242 774 1300 litterae
794 1251 871 1314 tuae,
889 1243 996 1318 quibus
1017 1244 1060 1302 in*

117 1337 212 1395 tellexi
236 1347 264 1394 te
289 1341 451 1416 perspicere
474 1358 570 1398 meam
595 1341 624 1398 in
649 1351 677 1398 te
702 1341 858 1417 pietatem:
877 1341 960 1417 *quid
981 1343 1059 1400 enim

118 1435 215 1492 dicam
238 1436 478 1506 benevolentiam,
502 1456 569 1495 cum
593 1438 663 1496 illud
685 1439 782 1514 ipsum
804 1439 1008 1513 gravissimum
1031 1449 1059 1496 et

118 1533 333 1591 sanctissimum
361 1551 470 1592 nomen
499 1535 612 1609 pietatis
640 1535 729 1593 levius
757 1536 827 1593 mihi
854 1537 964 1595 meritis
991 1555 1060 1612 erga

118 1648 166 1687 me
194 1631 249 1688 tuis
282 1648 346 1689 esse
372 1631 521 1690 videatur?
563 1632 653 1704 Quod
682 1643 778 1691 autem
806 1633 857 1692 tibi
885 1646 969 1709 grata
995 1652 1059 1691 mea

119 1747 189 1805 erga
210 1738 237 1787 te
263 1729 355 1787 studia
377 1730 477 1788 scribis
501 1748 574 1800 esse,
593 1730 663 1789 facis
687 1741 718 1789 tu
741 1731 858 1806 quidem
883 1732 1059 1790 abundantia

119 1828 246 1904 quadam
269 1829 383 1897 amoris,
409 1837 440 1886 ut
464 1829 551 1886 etiam
575 1841 657 1905 grata
684 1831 741 1888 sint
765 1849 808 1901 ea,
838 1849 912 1907 quae
933 1841 1058 1906 praeter·

118 1926 192 1983 mitti
207 1926 268 1983 sine
282 1925 392 1984 nefario
412 1926 517 1984 scelere
535 1945 597 1985 non
616 1937 757 2002 possunt;
780 1927 830 1985 tibi
849 1938 947 1986 autem
968 1927 1058 1986 multo

118 2024 214 2081 notior
233 2034 328 2099 atque*
341 2024 473 2082 illustrior
494 2043 576 2083 meus
603 2025 634 2082 in
661 2035 688 2082 te
713 2027 827 2084 animus
851 2035 935 2096 esset,
959 2027 983 2084 si
1002 2025 1058 2084 hoc

119 2130 252 2194 tempore
274 2121 364 2192 omni,
387 2139 446 2196 quo
470 2123 588 2180 diiuncti
610 2122 725 2194 fuimus,
751 2132 779 2180 et
803 2141 862 2180 una
889 2130 918 2180 et
944 2122 1058 2182 Romae

119 2218 280 2276 fuissemus.
326 2237 351 2276 2.
375 2218 452 2276 Nam
480 2220 566 2277 ineo
588 2221 661 2295 ipso,
683 2221 763 2296 quod
791 2231 818 2278 te
843 2221 974 2280 ostendis
996 2239 1058 2280 esse

120 2316 261 2374 facturum
282 2315 419 2392 quodque
440 2326 470 2374 et
490 2318 520 2374 in
540 2318 640 2393 primis
661 2329 745 2394 potes
766 2327 794 2375 et
814 2335 871 2393 ego
888 2337 906 2376 a
924 2326 954 2376 te
974 2318 1058 2376 vehe-

117 2423 232 2471 menter
259 2425 404 2489 exspect0,
433 2414 463 2471 in
493 2416 641 2473 sententiis
673 2416 824 2474 senatoriis
858 2425 887 2473 et
920 2416 951 2472 in
980 2417 1058 2475 omni

118 2511 231 2569 actione
252 2520 339 2586 atque
360 2512 605 2570 administratione
626 2514 666 2570 rei
687 2513 819 2588 publicae
840 2513 1058 2572 floruissemus:

116 2609 153 2666 de
168 2626 226 2684 qua
239 2608 392 2665 ostendam
407 2607 543 2684 equidem
558 2610 644 2684 paulo
659 2621 733 2687 post,
746 2611 794 2686 qui
810 2611 845 2668 sit
858 2628 941 2668 meus
957 2629 1059 2669 sensus

117 2715 145 2764 et
160 2714 259 2775 status,
274 2715 302 2763 et
316 2707 472 2764 rescribam
487 2707 537 2764 tibi
556 2707 593 2764 ad
612 2726 655 2778 ea,
670 2726 745 2784 quae
760 2708 894 2784 quaeris3
916 2708 968 2766 sed
983 2720 1059 2767 certe

116 2816 145 2862 et
166 2822 222 2879 ego
243 2813 271 2861 te
293 2813 409 2861 auctore
430 2804 605 2862 amicissimo
625 2823 660 2863 ac
681 2806 892 2880 sapientissimo
912 2815 941 2862 et
960 2814 993 2863 tu
1013 2824 1059 2863 me

118 2902 279 2960 consiliario
304 2900 425 2958 fortasse
446 2918 507 2957 non
534 2902 757 2976 imperitissimo,
783 2901 860 2960 fideli
883 2902 1004 2978 quidem
1032 2913 1059 2960 et

115 2999 259 3057 benevolo
286 3009 371 3068 certe,
399 3016 468 3056 usus
496 3016 575 3056 esses
588 3017 837 3076 z—quamquam
865 3010 913 3057 tua
941 3001 1058 3076 quidem

116 3116 205 3157 causa
227 3109 255 3156 te
277 3116 340 3156 esse
369 3098 572 3172 imperatorem
600 3099 836 3174 provinciamque
865 3099 942 3156 bene
969 3101 1058 3175 gestis

117 3196 203 3253 rebus
224 3214 291 3253 cum
313 3196 439 3252 exercitu
460 3194 567 3252 victore
586 3196 727 3265 obtinere,
742 3205 773 3253 ut
792 3194 894 3264 debeo,
909 3194 1001 3253 laetor
1009 3215 1058 3254 :—

117 3291 169 3349 sed
184 3301 260 3348 certe
271 3293 320 3366 qui
334 3291 384 3348 tibi
399 3308 435 3347 ex
450 3307 497 3347 me
514 3289 623 3349 fructus
637 3291 785 3362 debentur,
801 3307 852 3348 eos
866 3292 1015 3350 uberiores
1029 3304 1057 3351 et

115 3390 327 3471 praesentiores
352 3406 490 3467 praesens
518 3408 621 3464 capere
649 3389 801 3464 potuisses.
854 3389 891 3446 In
919 3389 960 3448 eis
986 3409 1053 3450 vero
