<?xml version="1.0" encoding="UTF-8"?>
<!DOCTYPE html PUBLIC "-//W3C//DTD XHTML 1.0 Transitional//EN"
    "http://www.w3.org/TR/xhtml1/DTD/xhtml1-transitional.dtd">
<html xmlns="http://www.w3.org/1999/xhtml" xml:lang="en" lang="en">
 <head>
  <title>
</title>
<meta http-equiv="Content-Type" content="text/html;charset=utf-8" />
  <meta name='ocr-system' content='tesseract 3.04.00' />
  <meta name='ocr-capabilities' content='ocr_page ocr_carea ocr_par ocr_line ocrx_word'/>
</head>
<body>
  <div class='ocr_page' id='page_1' title='image "./epistolaeselect00cicegoog/epistolaeselect00cicegoog_0190.png"; bbox 0 0 2392 3848; ppageno 0'>
   <div class='ocr_carea' id='block_1_1' title="bbox 121 174 1041 272">
    <p class='ocr_par' dir='ltr' id='par_1_1' title="bbox 121 174 1041 272">
     <span class='ocr_line' id='line_1_1' title="bbox 121 174 1041 272; baseline -0.002 -31"><span class='ocrx_word' id='word_1_1' title='bbox 121 192 184 261; x_wconf 86' lang='lat'>174</span> <span class='ocrx_word' id='word_1_2' title='bbox 387 192 426 243; x_wconf 78' lang='lat' dir='ltr'>rr.</span> <span class='ocrx_word' id='word_1_3' title='bbox 451 192 569 242; x_wconf 82' lang='lat' dir='ltr'>rurrn</span> <span class='ocrx_word' id='word_1_4' title='bbox 589 192 780 243; x_wconf 79' lang='lat' dir='ltr'>arcanorum</span> <span class='ocrx_word' id='word_1_5' title='bbox 933 174 1041 272; x_wconf 71' lang='lat' dir='ltr'>[raam.</span> 
     </span>
    </p>
   </div>
   <div class='ocr_carea' id='block_1_2' title="bbox 71 345 1075 2184">
    <p class='ocr_par' dir='ltr' id='par_1_2' title="bbox 71 345 1075 2184">
     <span class='ocr_line' id='line_1_2' title="bbox 119 345 1045 424; baseline 0.001 -22"><span class='ocrx_word' id='word_1_6' title='bbox 119 345 284 416; x_wconf 86' lang='lat' dir='ltr'>Tulliolam,</span> <span class='ocrx_word' id='word_1_7' title='bbox 299 364 375 421; x_wconf 90' lang='lat' dir='ltr'>quae</span> <span class='ocrx_word' id='word_1_8' title='bbox 396 346 481 405; x_wconf 89' lang='lat' dir='ltr'>nobis</span> <span class='ocrx_word' id='word_1_9' title='bbox 502 355 601 404; x_wconf 89' lang='lat' dir='ltr'>nostra</span> <span class='ocrx_word' id='word_1_10' title='bbox 615 347 672 405; x_wconf 89' lang='lat' dir='ltr'>vita</span> <span class='ocrx_word' id='word_1_11' title='bbox 693 346 805 405; x_wconf 87' lang='lat' dir='ltr'>dulcior</span> <span class='ocrx_word' id='word_1_12' title='bbox 823 355 878 418; x_wconf 90' lang='lat' dir='ltr'>est,</span> <span class='ocrx_word' id='word_1_13' title='bbox 892 346 1008 424; x_wconf 89' lang='lat' dir='ltr'>deposui</span> <span class='ocrx_word' id='word_1_14' title='bbox 1022 355 1045 404; x_wconf 86' lang='lat' dir='ltr'>et</span> 
     </span>
     <span class='ocr_line' id='line_1_3' title="bbox 118 436 1075 523; baseline 0 -21"><span class='ocrx_word' id='word_1_15' title='bbox 118 445 207 514; x_wconf 92' lang='lat' dir='ltr'>eieci;</span> <span class='ocrx_word' id='word_1_16' title='bbox 230 444 301 520; x_wconf 91' lang='lat' dir='ltr'>quid</span> <span class='ocrx_word' id='word_1_17' title='bbox 311 463 416 502; x_wconf 88' lang='lat' dir='ltr'>causae</span> <span class='ocrx_word' id='word_1_18' title='bbox 430 454 527 502; x_wconf 91' lang='lat' dir='ltr'>autem</span> <span class='ocrx_word' id='word_1_19' title='bbox 538 443 631 515; x_wconf 87' lang='lat' dir='ltr'>fuerit,</span> <span class='ocrx_word' id='word_1_20' title='bbox 641 445 781 521; x_wconf 85' lang='lat' dir='ltr'>postridie</span> <span class='ocrx_word' id='word_1_21' title='bbox 795 445 933 516; x_wconf 87' lang='lat' dir='ltr'>intellexi,</span> <span class='ocrx_word' id='word_1_22' title='bbox 944 461 1047 523; x_wconf 88' lang='lat' dir='ltr'>quana</span> <span class='ocrx_word' id='word_1_23' title='bbox 1071 436 1075 441; x_wconf 46' lang='lat'>⁵</span> 
     </span>
     <span class='ocr_line' id='line_1_4' title="bbox 117 541 1048 616; baseline 0.002 -20"><span class='ocrx_word' id='word_1_24' title='bbox 117 542 201 600; x_wconf 89' lang='lat' dir='ltr'>vobis</span> <span class='ocrx_word' id='word_1_25' title='bbox 212 541 349 600; x_wconf 89' lang='lat' dir='ltr'>discessi:</span> <span class='ocrx_word' id='word_1_26' title='bbox 368 544 451 614; x_wconf 76' lang='grc' dir='ltr'>χολὴν</span> <span class='ocrx_word' id='word_1_27' title='bbox 460 543 569 616; x_wconf 77' lang='grc' dir='ltr'>ἄκρατον</span> <span class='ocrx_word' id='word_1_28' title='bbox 577 551 668 600; x_wconf 91' lang='lat' dir='ltr'>noctu</span> <span class='ocrx_word' id='word_1_29' title='bbox 678 541 767 611; x_wconf 91' lang='lat' dir='ltr'>eieci;</span> <span class='ocrx_word' id='word_1_30' title='bbox 785 541 883 601; x_wconf 85' lang='lat' dir='ltr'>statim</span> <span class='ocrx_word' id='word_1_31' title='bbox 893 541 1048 601; x_wconf 89' lang='lat' dir='ltr'>itasumle·</span> 
     </span>
     <span class='ocr_line' id='line_1_5' title="bbox 117 638 1051 715; baseline 0.004 -21"><span class='ocrx_word' id='word_1_32' title='bbox 117 648 208 709; x_wconf 88' lang='lat' dir='ltr'>vatus,</span> <span class='ocrx_word' id='word_1_33' title='bbox 222 648 254 696; x_wconf 90' lang='lat' dir='ltr'>ut</span> <span class='ocrx_word' id='word_1_34' title='bbox 268 638 339 696; x_wconf 92' lang='lat' dir='ltr'>mihi</span> <span class='ocrx_word' id='word_1_35' title='bbox 353 640 424 698; x_wconf 90' lang='lat' dir='ltr'>deus</span> <span class='ocrx_word' id='word_1_36' title='bbox 438 638 541 715; x_wconf 90' lang='lat' dir='ltr'>aliquis</span> <span class='ocrx_word' id='word_1_37' title='bbox 555 639 731 697; x_wconf 88' lang='lat' dir='ltr'>medicinam</span> <span class='ocrx_word' id='word_1_38' title='bbox 744 639 850 698; x_wconf 87' lang='lat' dir='ltr'>fecisse</span> <span class='ocrx_word' id='word_1_39' title='bbox 864 639 1002 712; x_wconf 90' lang='lat' dir='ltr'>videatur,</span> <span class='ocrx_word' id='word_1_40' title='bbox 1013 638 1051 698; x_wconf 85' lang='lat' dir='ltr'>cui</span> 
     </span>
     <span class='ocr_line' id='line_1_6' title="bbox 118 736 1053 813; baseline 0.001 -19"><span class='ocrx_word' id='word_1_41' title='bbox 118 737 235 812; x_wconf 89' lang='lat' dir='ltr'>quidem</span> <span class='ocrx_word' id='word_1_42' title='bbox 250 746 281 795; x_wconf 92' lang='lat' dir='ltr'>tu</span> <span class='ocrx_word' id='word_1_43' title='bbox 296 737 361 809; x_wconf 92' lang='lat' dir='ltr'>deo,</span> <span class='ocrx_word' id='word_1_44' title='bbox 377 755 464 813; x_wconf 90' lang='lat' dir='ltr'>quem</span> <span class='ocrx_word' id='word_1_45' title='bbox 484 737 522 795; x_wconf 93' lang='lat' dir='ltr'>ad</span> <span class='ocrx_word' id='word_1_46' title='bbox 540 737 663 796; x_wconf 91' lang='lat' dir='ltr'>modum</span> <span class='ocrx_word' id='word_1_47' title='bbox 677 737 763 808; x_wconf 91' lang='lat' dir='ltr'>soles,</span> <span class='ocrx_word' id='word_1_48' title='bbox 777 737 826 813; x_wconf 90' lang='lat' dir='ltr'>pie</span> <span class='ocrx_word' id='word_1_49' title='bbox 847 747 877 797; x_wconf 91' lang='lat' dir='ltr'>et</span> <span class='ocrx_word' id='word_1_50' title='bbox 896 747 978 797; x_wconf 91' lang='lat' dir='ltr'>caste</span> <span class='ocrx_word' id='word_1_51' title='bbox 994 736 1053 796; x_wconf 85' lang='lat' dir='ltr'>satis</span> 
     </span>
     <span class='ocr_line' id='line_1_7' title="bbox 118 830 1054 914; baseline 0.002 -22"><span class='ocrx_word' id='word_1_52' title='bbox 118 834 206 893; x_wconf 83' lang='lat' dir='ltr'>iacies</span> <span class='ocrx_word' id='word_1_53' title='bbox 222 836 264 910; x_wconf 93' lang='lat' dir='ltr'>[id</span> <span class='ocrx_word' id='word_1_54' title='bbox 283 845 327 893; x_wconf 91' lang='lat' dir='ltr'>est</span> <span class='ocrx_word' id='word_1_55' title='bbox 346 834 474 912; x_wconf 88' lang='lat' dir='ltr'>Apollini</span> <span class='ocrx_word' id='word_1_56' title='bbox 496 843 525 893; x_wconf 91' lang='lat' dir='ltr'>et</span> <span class='ocrx_word' id='word_1_57' title='bbox 545 830 762 914; x_wconf 83' lang='lat' dir='ltr'>Aesculapio]..</span> <span class='ocrx_word' id='word_1_58' title='bbox 790 853 816 893; x_wconf 86' lang='lat' dir='ltr'>a.</span> <span class='ocrx_word' id='word_1_59' title='bbox 839 833 958 894; x_wconf 90' lang='lat' dir='ltr'>Navem</span> <span class='ocrx_word' id='word_1_60' title='bbox 978 851 1054 912; x_wconf 87' lang='lat' dir='ltr'>spero</span> 
     </span>
     <span class='ocr_line' id='line_1_8' title="bbox 118 931 1055 1010; baseline 0 -20"><span class='ocrx_word' id='word_1_61' title='bbox 118 951 173 992; x_wconf 89' lang='lat' dir='ltr'>nos</span> <span class='ocrx_word' id='word_1_62' title='bbox 187 933 268 991; x_wconf 88' lang='lat' dir='ltr'>valde</span> <span class='ocrx_word' id='word_1_63' title='bbox 288 935 398 991; x_wconf 86' lang='lat' dir='ltr'>bonam</span> <span class='ocrx_word' id='word_1_64' title='bbox 418 932 543 1004; x_wconf 89' lang='lat' dir='ltr'>habere;</span> <span class='ocrx_word' id='word_1_65' title='bbox 565 933 595 990; x_wconf 92' lang='lat' dir='ltr'>in</span> <span class='ocrx_word' id='word_1_66' title='bbox 615 950 681 990; x_wconf 89' lang='lat' dir='ltr'>eam</span> <span class='ocrx_word' id='word_1_67' title='bbox 700 931 875 1010; x_wconf 86' lang='lat' dir='ltr'>simulatque</span> <span class='ocrx_word' id='word_1_68' title='bbox 894 932 1055 1002; x_wconf 82' lang='lat' dir='ltr'>conscendi,</span> 
     </span>
     <span class='ocr_line' id='line_1_9' title="bbox 117 1029 1056 1106; baseline 0 -18"><span class='ocrx_word' id='word_1_69' title='bbox 117 1031 189 1090; x_wconf 86' lang='lat' dir='ltr'>haec</span> <span class='ocrx_word' id='word_1_70' title='bbox 215 1032 325 1106; x_wconf 89' lang='lat' dir='ltr'>scripsi.</span> <span class='ocrx_word' id='word_1_71' title='bbox 366 1030 480 1089; x_wconf 89' lang='lat' dir='ltr'>Deinde</span> <span class='ocrx_word' id='word_1_72' title='bbox 506 1031 690 1088; x_wconf 87' lang='lat' dir='ltr'>conscribam</span> <span class='ocrx_word' id='word_1_73' title='bbox 712 1029 750 1088; x_wconf 96' lang='lat' dir='ltr'>ad</span> <span class='ocrx_word' id='word_1_74' title='bbox 770 1040 888 1089; x_wconf 91' lang='lat' dir='ltr'>nostros</span> <span class='ocrx_word' id='word_1_75' title='bbox 908 1030 1056 1090; x_wconf 85' lang='lat' dir='ltr'>familiares</span> 
     </span>
     <span class='ocr_line' id='line_1_10' title="bbox 117 1127 1057 1206; baseline 0 -20"><span class='ocrx_word' id='word_1_76' title='bbox 117 1128 221 1187; x_wconf 90' lang='lat' dir='ltr'>multas</span> <span class='ocrx_word' id='word_1_77' title='bbox 236 1129 383 1205; x_wconf 68' lang='lat' dir='ltr'>epistolas</span> <span class='ocrx_word' id='word_1_78' title='bbox 398 1129 502 1204; x_wconf 92' lang='lat' dir='ltr'>quibus</span> <span class='ocrx_word' id='word_1_79' title='bbox 521 1136 550 1186; x_wconf 92' lang='lat' dir='ltr'>te</span> <span class='ocrx_word' id='word_1_80' title='bbox 570 1140 598 1186; x_wconf 91' lang='lat' dir='ltr'>et</span> <span class='ocrx_word' id='word_1_81' title='bbox 612 1127 770 1186; x_wconf 90' lang='lat' dir='ltr'>Tulliolam</span> <span class='ocrx_word' id='word_1_82' title='bbox 788 1136 921 1188; x_wconf 90' lang='lat' dir='ltr'>nostram</span> <span class='ocrx_word' id='word_1_83' title='bbox 943 1129 1057 1206; x_wconf 86' lang='lat' dir='ltr'>diligen·</span> 
     </span>
     <span class='ocr_line' id='line_1_11' title="bbox 117 1225 1058 1301; baseline 0.001 -18"><span class='ocrx_word' id='word_1_84' title='bbox 117 1228 226 1285; x_wconf 87' lang='lat' dir='ltr'>tissime</span> <span class='ocrx_word' id='word_1_85' title='bbox 241 1226 462 1285; x_wconf 88' lang='lat' dir='ltr'>commendabo.</span> <span class='ocrx_word' id='word_1_86' title='bbox 499 1225 675 1284; x_wconf 88' lang='lat' dir='ltr'>Cohortarer</span> <span class='ocrx_word' id='word_1_87' title='bbox 689 1244 750 1296; x_wconf 90' lang='lat' dir='ltr'>vos,</span> <span class='ocrx_word' id='word_1_88' title='bbox 760 1243 821 1301; x_wconf 89' lang='lat' dir='ltr'>quo</span> <span class='ocrx_word' id='word_1_89' title='bbox 835 1225 936 1285; x_wconf 89' lang='lat' dir='ltr'>animo</span> <span class='ocrx_word' id='word_1_90' title='bbox 947 1226 1058 1285; x_wconf 88' lang='lat' dir='ltr'>fortiore</span> 
     </span>
     <span class='ocr_line' id='line_1_12' title="bbox 117 1325 1059 1402; baseline -0.003 -18"><span class='ocrx_word' id='word_1_91' title='bbox 117 1327 227 1396; x_wconf 76' lang='lat' dir='ltr'>essens,</span> <span class='ocrx_word' id='word_1_92' title='bbox 252 1326 307 1382; x_wconf 93' lang='lat' dir='ltr'>nisi</span> <span class='ocrx_word' id='word_1_93' title='bbox 331 1343 384 1382; x_wconf 88' lang='lat' dir='ltr'>vos</span> <span class='ocrx_word' id='word_1_94' title='bbox 408 1325 541 1382; x_wconf 88' lang='lat' dir='ltr'>fortiores</span> <span class='ocrx_word' id='word_1_95' title='bbox 566 1342 743 1399; x_wconf 87' lang='lat' dir='ltr'>cognossem</span> <span class='ocrx_word' id='word_1_96' title='bbox 769 1342 858 1400; x_wconf 88' lang='lat' dir='ltr'>quam</span> <span class='ocrx_word' id='word_1_97' title='bbox 884 1342 1059 1402; x_wconf 89' lang='lat' dir='ltr'>quemquam</span> 
     </span>
     <span class='ocr_line' id='line_1_13' title="bbox 117 1422 1060 1498; baseline 0.002 -18"><span class='ocrx_word' id='word_1_98' title='bbox 117 1424 218 1480; x_wconf 91' lang='lat' dir='ltr'>virum.</span> <span class='ocrx_word' id='word_1_99' title='bbox 260 1423 298 1480; x_wconf 92' lang='lat' dir='ltr'>Et</span> <span class='ocrx_word' id='word_1_100' title='bbox 315 1432 414 1480; x_wconf 88' lang='lat' dir='ltr'>tamen</span> <span class='ocrx_word' id='word_1_101' title='bbox 431 1423 587 1481; x_wconf 89' lang='lat' dir='ltr'>eiusmodi</span> <span class='ocrx_word' id='word_1_102' title='bbox 601 1439 687 1498; x_wconf 91' lang='lat' dir='ltr'>spero</span> <span class='ocrx_word' id='word_1_103' title='bbox 701 1422 818 1498; x_wconf 87' lang='lat' dir='ltr'>negotia</span> <span class='ocrx_word' id='word_1_104' title='bbox 833 1440 908 1493; x_wconf 90' lang='lat' dir='ltr'>esse,</span> <span class='ocrx_word' id='word_1_105' title='bbox 922 1432 956 1481; x_wconf 92' lang='lat' dir='ltr'>ut</span> <span class='ocrx_word' id='word_1_106' title='bbox 971 1433 1001 1482; x_wconf 90' lang='lat' dir='ltr'>et</span> <span class='ocrx_word' id='word_1_107' title='bbox 1013 1440 1060 1482; x_wconf 89' lang='lat' dir='ltr'>vos</span> 
     </span>
     <span class='ocr_line' id='line_1_14' title="bbox 117 1519 1059 1597; baseline -0.001 -18"><span class='ocrx_word' id='word_1_108' title='bbox 117 1522 180 1579; x_wconf 91' lang='lat' dir='ltr'>istic</span> <span class='ocrx_word' id='word_1_109' title='bbox 202 1520 439 1580; x_wconf 90' lang='lat' dir='ltr'>commodissime</span> <span class='ocrx_word' id='word_1_110' title='bbox 461 1538 576 1596; x_wconf 88' lang='lat' dir='ltr'>sperem</span> <span class='ocrx_word' id='word_1_111' title='bbox 596 1538 661 1579; x_wconf 90' lang='lat' dir='ltr'>esse</span> <span class='ocrx_word' id='word_1_112' title='bbox 685 1529 715 1578; x_wconf 90' lang='lat' dir='ltr'>et</span> <span class='ocrx_word' id='word_1_113' title='bbox 739 1538 787 1578; x_wconf 92' lang='lat' dir='ltr'>me</span> <span class='ocrx_word' id='word_1_114' title='bbox 812 1519 972 1597; x_wconf 90' lang='lat' dir='ltr'>aliquando</span> <span class='ocrx_word' id='word_1_115' title='bbox 997 1538 1059 1579; x_wconf 93' lang='lat' dir='ltr'>cum</span> 
     </span>
     <span class='ocr_line' id='line_1_15' title="bbox 117 1617 1060 1695; baseline -0.001 -17"><span class='ocrx_word' id='word_1_116' title='bbox 117 1621 257 1679; x_wconf 90' lang='lat' dir='ltr'>similibus</span> <span class='ocrx_word' id='word_1_117' title='bbox 272 1619 363 1677; x_wconf 91' lang='lat' dir='ltr'>nostri</span> <span class='ocrx_word' id='word_1_118' title='bbox 376 1637 438 1677; x_wconf 91' lang='lat' dir='ltr'>rem</span> <span class='ocrx_word' id='word_1_119' title='bbox 451 1619 598 1695; x_wconf 89' lang='lat' dir='ltr'>publicam</span> <span class='ocrx_word' id='word_1_120' title='bbox 612 1617 793 1677; x_wconf 88' lang='lat' dir='ltr'>defensuros.</span> <span class='ocrx_word' id='word_1_121' title='bbox 830 1638 856 1693; x_wconf 84' lang='lat'>3.</span> <span class='ocrx_word' id='word_1_122' title='bbox 872 1619 923 1677; x_wconf 92' lang='lat' dir='ltr'>Tu</span> <span class='ocrx_word' id='word_1_123' title='bbox 936 1619 1060 1695; x_wconf 91' lang='lat' dir='ltr'>primum</span> 
     </span>
     <span class='ocr_line' id='line_1_16' title="bbox 117 1715 1060 1788; baseline -0.001 -12"><span class='ocrx_word' id='word_1_124' title='bbox 117 1718 311 1776; x_wconf 90' lang='lat' dir='ltr'>valetudinem</span> <span class='ocrx_word' id='word_1_125' title='bbox 332 1727 411 1775; x_wconf 90' lang='lat' dir='ltr'>tuam</span> <span class='ocrx_word' id='word_1_126' title='bbox 432 1716 517 1774; x_wconf 91' lang='lat' dir='ltr'>velim</span> <span class='ocrx_word' id='word_1_127' title='bbox 538 1733 638 1788; x_wconf 74' lang='lat' dir='ltr'>cures,</span> <span class='ocrx_word' id='word_1_128' title='bbox 661 1715 775 1787; x_wconf 87' lang='lat' dir='ltr'>deinde,</span> <span class='ocrx_word' id='word_1_129' title='bbox 793 1716 818 1774; x_wconf 93' lang='lat' dir='ltr'>si</span> <span class='ocrx_word' id='word_1_130' title='bbox 837 1715 891 1774; x_wconf 91' lang='lat' dir='ltr'>tibi</span> <span class='ocrx_word' id='word_1_131' title='bbox 911 1715 1060 1786; x_wconf 86' lang='lat' dir='ltr'>videbitur,</span> 
     </span>
     <span class='ocr_line' id='line_1_17' title="bbox 118 1813 1060 1890; baseline -0.001 -17"><span class='ocrx_word' id='word_1_132' title='bbox 118 1817 189 1874; x_wconf 91' lang='lat' dir='ltr'>villis</span> <span class='ocrx_word' id='word_1_133' title='bbox 221 1816 256 1873; x_wconf 93' lang='lat' dir='ltr'>iis</span> <span class='ocrx_word' id='word_1_134' title='bbox 288 1825 376 1884; x_wconf 89' lang='lat' dir='ltr'>utere,</span> <span class='ocrx_word' id='word_1_135' title='bbox 405 1832 479 1890; x_wconf 92' lang='lat' dir='ltr'>quae</span> <span class='ocrx_word' id='word_1_136' title='bbox 512 1813 681 1889; x_wconf 87' lang='lat' dir='ltr'>longissime</span> <span class='ocrx_word' id='word_1_137' title='bbox 714 1816 837 1872; x_wconf 87' lang='lat' dir='ltr'>abemnt</span> <span class='ocrx_word' id='word_1_138' title='bbox 869 1832 888 1872; x_wconf 90' lang='lat' dir='ltr'>a</span> <span class='ocrx_word' id='word_1_139' title='bbox 915 1814 1060 1873; x_wconf 86' lang='lat' dir='ltr'>militibus.</span> 
     </span>
     <span class='ocr_line' id='line_1_18' title="bbox 117 1911 1060 1988; baseline -0.002 -16"><span class='ocrx_word' id='word_1_140' title='bbox 117 1913 223 1972; x_wconf 82' lang='lat' dir='ltr'>Fando</span> <span class='ocrx_word' id='word_1_141' title='bbox 247 1912 380 1988; x_wconf 87' lang='lat' dir='ltr'>Arpinati</span> <span class='ocrx_word' id='word_1_142' title='bbox 404 1913 479 1969; x_wconf 90' lang='lat' dir='ltr'>bene</span> <span class='ocrx_word' id='word_1_143' title='bbox 505 1911 615 1988; x_wconf 92' lang='lat' dir='ltr'>poteris</span> <span class='ocrx_word' id='word_1_144' title='bbox 643 1912 684 1970; x_wconf 91' lang='lat' dir='ltr'>uti</span> <span class='ocrx_word' id='word_1_145' title='bbox 709 1929 777 1970; x_wconf 92' lang='lat' dir='ltr'>cum</span> <span class='ocrx_word' id='word_1_146' title='bbox 804 1911 916 1971; x_wconf 81' lang='lat' dir='ltr'>familia</span> <span class='ocrx_word' id='word_1_147' title='bbox 941 1913 1060 1984; x_wconf 84' lang='lat' dir='ltr'>urbana,</span> 
     </span>
     <span class='ocr_line' id='line_1_19' title="bbox 71 2008 1060 2084; baseline -0.003 -15"><span class='ocrx_word' id='word_1_148' title='bbox 71 2066 80 2084; x_wconf 78' lang='lat'>,</span> <span class='ocrx_word' id='word_1_149' title='bbox 118 2013 143 2069; x_wconf 93' lang='lat' dir='ltr'>si</span> <span class='ocrx_word' id='word_1_150' title='bbox 171 2028 288 2069; x_wconf 89' lang='lat' dir='ltr'>annona</span> <span class='ocrx_word' id='word_1_151' title='bbox 316 2011 408 2068; x_wconf 90' lang='lat' dir='ltr'>carior</span> <span class='ocrx_word' id='word_1_152' title='bbox 433 2009 523 2068; x_wconf 84' lang='lat' dir='ltr'>fuerit.</span> <span class='ocrx_word' id='word_1_153' title='bbox 570 2008 673 2068; x_wconf 90' lang='lat' dir='ltr'>Cicero</span> <span class='ocrx_word' id='word_1_154' title='bbox 702 2009 877 2068; x_wconf 88' lang='lat' dir='ltr'>bellissimus</span> <span class='ocrx_word' id='word_1_155' title='bbox 907 2008 959 2068; x_wconf 89' lang='lat' dir='ltr'>tibi</span> <span class='ocrx_word' id='word_1_156' title='bbox 989 2010 1060 2068; x_wconf 89' lang='lat' dir='ltr'>salu·</span> 
     </span>
     <span class='ocr_line' id='line_1_20' title="bbox 118 2105 1061 2184; baseline 0 -18"><span class='ocrx_word' id='word_1_157' title='bbox 118 2118 177 2166; x_wconf 90' lang='lat' dir='ltr'>tem</span> <span class='ocrx_word' id='word_1_158' title='bbox 202 2108 354 2182; x_wconf 90' lang='lat' dir='ltr'>plurimam</span> <span class='ocrx_word' id='word_1_159' title='bbox 379 2107 456 2166; x_wconf 89' lang='lat' dir='ltr'>dicit.</span> <span class='ocrx_word' id='word_1_160' title='bbox 497 2106 593 2165; x_wconf 87' lang='lat' dir='ltr'>Etiam</span> <span class='ocrx_word' id='word_1_161' title='bbox 617 2116 704 2184; x_wconf 91' lang='lat' dir='ltr'>atque</span> <span class='ocrx_word' id='word_1_162' title='bbox 726 2107 814 2165; x_wconf 89' lang='lat' dir='ltr'>etiam</span> <span class='ocrx_word' id='word_1_163' title='bbox 838 2106 911 2166; x_wconf 90' lang='lat' dir='ltr'>vale.</span> <span class='ocrx_word' id='word_1_164' title='bbox 953 2105 993 2166; x_wconf 90' lang='lat' dir='ltr'>D.</span> <span class='ocrx_word' id='word_1_165' title='bbox 1014 2123 1061 2165; x_wconf 83' lang='lat' dir='ltr'>vu.</span> 
     </span>
    </p>
   </div>
   <div class='ocr_carea' id='block_1_3' title="bbox 119 2206 275 2265">
    <p class='ocr_par' dir='ltr' id='par_1_3' title="bbox 119 2206 275 2265">
     <span class='ocr_line' id='line_1_21' title="bbox 119 2206 275 2265; baseline 0 0"><span class='ocrx_word' id='word_1_166' title='bbox 119 2206 189 2265; x_wconf 93' lang='lat' dir='ltr'>Idus</span> <span class='ocrx_word' id='word_1_167' title='bbox 210 2206 275 2265; x_wconf 88' lang='lat' dir='ltr'>Iun.</span> 
     </span>
    </p>
   </div>
   <div class='ocr_carea' id='block_1_4' title="bbox 303 2370 880 2445">
    <p class='ocr_par' dir='ltr' id='par_1_4' title="bbox 303 2370 880 2445">
     <span class='ocr_line' id='line_1_22' title="bbox 303 2370 880 2445; baseline 0.002 -15"><span class='ocrx_word' id='word_1_168' title='bbox 303 2376 350 2430; x_wconf 90' lang='grc'>76.</span> <span class='ocrx_word' id='word_1_169' title='bbox 384 2372 442 2430; x_wconf 92' lang='lat' dir='ltr'>AD</span> <span class='ocrx_word' id='word_1_170' title='bbox 460 2370 713 2429; x_wconf 88' lang='lat' dir='ltr'><strong>FAMILIARES</strong></span> <span class='ocrx_word' id='word_1_171' title='bbox 731 2371 817 2429; x_wconf 92' lang='lat' dir='ltr'>VIII.</span> <span class='ocrx_word' id='word_1_172' title='bbox 835 2385 880 2445; x_wconf 83' lang='lat'>17.</span> 
     </span>
    </p>
   </div>
   <div class='ocr_carea' id='block_1_5' title="bbox 262 2485 917 2652">
    <p class='ocr_par' dir='ltr' id='par_1_5' title="bbox 262 2485 917 2652">
     <span class='ocr_line' id='line_1_23' title="bbox 262 2485 917 2563; baseline 0 -17"><span class='ocrx_word' id='word_1_173' title='bbox 262 2486 328 2547; x_wconf 79' lang='lat' dir='ltr'>Sca.</span> <span class='ocrx_word' id='word_1_174' title='bbox 350 2487 574 2545; x_wconf 73' lang='lat' dir='ltr'>Romanunm</span> <span class='ocrx_word' id='word_1_175' title='bbox 595 2485 719 2545; x_wconf 78' lang='lat' dir='ltr'>Manno</span> <span class='ocrx_word' id='word_1_176' title='bbox 741 2504 824 2546; x_wconf 73' lang='lat' dir='ltr'>nuc.</span> <span class='ocrx_word' id='word_1_177' title='bbox 849 2488 917 2563; x_wconf 81' lang='lat'>706.</span> 
     </span>
     <span class='ocr_line' id='line_1_24' title="bbox 410 2610 767 2652; baseline -0.003 0"><span class='ocrx_word' id='word_1_178' title='bbox 410 2610 530 2652; x_wconf 76' lang='lat' dir='ltr'>carmus</span> <span class='ocrx_word' id='word_1_179' title='bbox 550 2611 685 2652; x_wconf 79' lang='lat' dir='ltr'>creanom</span> <span class='ocrx_word' id='word_1_180' title='bbox 704 2610 767 2651; x_wconf 80' lang='lat' dir='ltr'>sm..</span> 
     </span>
    </p>
   </div>
   <div class='ocr_carea' id='block_1_6' title="bbox 116 2705 1062 3465">
    <p class='ocr_par' dir='ltr' id='par_1_6' title="bbox 116 2705 1062 3465">
     <span class='ocr_line' id='line_1_25' title="bbox 162 2705 1062 2784; baseline -0.002 -16"><span class='ocrx_word' id='word_1_181' title='bbox 162 2727 188 2769; x_wconf 92' lang='lat'>1.</span> <span class='ocrx_word' id='word_1_182' title='bbox 218 2707 304 2768; x_wconf 80' lang='lat' dir='ltr'>Eaco</span> <span class='ocrx_word' id='word_1_183' title='bbox 332 2725 379 2764; x_wconf 90' lang='lat' dir='ltr'>me</span> <span class='ocrx_word' id='word_1_184' title='bbox 407 2707 503 2782; x_wconf 93' lang='lat' dir='ltr'>potius</span> <span class='ocrx_word' id='word_1_185' title='bbox 530 2705 560 2762; x_wconf 88' lang='lat' dir='ltr'>in</span> <span class='ocrx_word' id='word_1_186' title='bbox 588 2705 733 2781; x_wconf 90' lang='lat' dir='ltr'>Hispania</span> <span class='ocrx_word' id='word_1_187' title='bbox 760 2705 848 2765; x_wconf 89' lang='lat' dir='ltr'>fuisse</span> <span class='ocrx_word' id='word_1_188' title='bbox 882 2716 946 2765; x_wconf 89' lang='lat' dir='ltr'>turn</span> <span class='ocrx_word' id='word_1_189' title='bbox 974 2725 1062 2784; x_wconf 88' lang='lat' dir='ltr'>quam</span> 
     </span>
     <span class='ocr_line' id='line_1_26' title="bbox 118 2802 1061 2879; baseline -0.003 -12"><span class='ocrx_word' id='word_1_190' title='bbox 118 2807 250 2876; x_wconf 90' lang='lat' dir='ltr'>Formiis,</span> <span class='ocrx_word' id='word_1_191' title='bbox 280 2823 347 2863; x_wconf 92' lang='lat' dir='ltr'>cum</span> <span class='ocrx_word' id='word_1_192' title='bbox 374 2814 404 2862; x_wconf 88' lang='lat' dir='ltr'>tu</span> <span class='ocrx_word' id='word_1_193' title='bbox 432 2803 578 2879; x_wconf 86' lang='lat' dir='ltr'>profectus</span> <span class='ocrx_word' id='word_1_194' title='bbox 605 2821 637 2862; x_wconf 92' lang='lat' dir='ltr'>es</span> <span class='ocrx_word' id='word_1_195' title='bbox 665 2802 703 2862; x_wconf 92' lang='lat' dir='ltr'>ad</span> <span class='ocrx_word' id='word_1_196' title='bbox 730 2802 922 2879; x_wconf 79' lang='lat' dir='ltr'>Pompeium!</span> <span class='ocrx_word' id='word_1_197' title='bbox 972 2805 1061 2877; x_wconf 88' lang='lat' dir='ltr'>Quod</span> 
     </span>
     <span class='ocr_line' id='line_1_27' title="bbox 117 2899 1062 2978; baseline -0.002 -14"><span class='ocrx_word' id='word_1_198' title='bbox 117 2909 229 2965; x_wconf 89' lang='lat' dir='ltr'>utinam</span> <span class='ocrx_word' id='word_1_199' title='bbox 244 2914 291 2962; x_wconf 88' lang='lat' dir='ltr'>aut</span> <span class='ocrx_word' id='word_1_200' title='bbox 306 2902 419 2977; x_wconf 91' lang='lat' dir='ltr'>Appius</span> <span class='ocrx_word' id='word_1_201' title='bbox 435 2899 572 2959; x_wconf 90' lang='lat' dir='ltr'>Claudius</span> <span class='ocrx_word' id='word_1_202' title='bbox 586 2903 616 2957; x_wconf 82' lang='lat' dir='ltr'>r&#39;n</span> <span class='ocrx_word' id='word_1_203' title='bbox 630 2901 683 2958; x_wconf 81' lang='lat' dir='ltr'>hac</span> <span class='ocrx_word' id='word_1_204' title='bbox 690 2900 889 2978; x_wconf 80' lang='lat' dir='ltr'>partesuissel</span> <span class='ocrx_word' id='word_1_205' title='bbox 900 2903 994 2960; x_wconf 82' lang='lat' dir='ltr'>autin</span> <span class='ocrx_word' id='word_1_206' title='bbox 1008 2904 1062 2962; x_wconf 81' lang='lat' dir='ltr'>ista</span> 
     </span>
     <span class='ocr_line' id='line_1_28' title="bbox 117 2997 1062 3080; baseline -0.002 -20"><span class='ocrx_word' id='word_1_207' title='bbox 117 3013 198 3080; x_wconf 90' lang='lat' dir='ltr'>parte</span> <span class='ocrx_word' id='word_1_208' title='bbox 232 3001 265 3060; x_wconf 90' lang='lat' dir='ltr'>C.</span> <span class='ocrx_word' id='word_1_209' title='bbox 296 2999 393 3069; x_wconf 92' lang='lat' dir='ltr'>Curi0,</span> <span class='ocrx_word' id='word_1_210' title='bbox 421 2998 501 3056; x_wconf 91' lang='lat' dir='ltr'>cuius</span> <span class='ocrx_word' id='word_1_211' title='bbox 533 2997 657 3056; x_wconf 87' lang='lat' dir='ltr'>amicitia</span> <span class='ocrx_word' id='word_1_212' title='bbox 683 3016 731 3057; x_wconf 90' lang='lat' dir='ltr'>me</span> <span class='ocrx_word' id='word_1_213' title='bbox 758 2998 898 3073; x_wconf 89' lang='lat' dir='ltr'>paulatim</span> <span class='ocrx_word' id='word_1_214' title='bbox 926 2999 958 3057; x_wconf 91' lang='lat' dir='ltr'>in</span> <span class='ocrx_word' id='word_1_215' title='bbox 986 2999 1062 3058; x_wconf 92' lang='lat' dir='ltr'>hanc</span> 
     </span>
     <span class='ocr_line' id='line_1_29' title="bbox 117 3095 1061 3178; baseline -0.003 -19"><span class='ocrx_word' id='word_1_216' title='bbox 117 3101 259 3178; x_wconf 88' lang='lat' dir='ltr'>perditam</span> <span class='ocrx_word' id='word_1_217' title='bbox 288 3115 403 3157; x_wconf 89' lang='lat' dir='ltr'>causam</span> <span class='ocrx_word' id='word_1_218' title='bbox 432 3097 587 3172; x_wconf 91' lang='lat' dir='ltr'>imposuit;</span> <span class='ocrx_word' id='word_1_219' title='bbox 622 3114 692 3153; x_wconf 91' lang='lat' dir='ltr'>nam</span> <span class='ocrx_word' id='word_1_220' title='bbox 724 3095 795 3153; x_wconf 91' lang='lat' dir='ltr'>mihi</span> <span class='ocrx_word' id='word_1_221' title='bbox 827 3096 921 3154; x_wconf 90' lang='lat' dir='ltr'>sentio</span> <span class='ocrx_word' id='word_1_222' title='bbox 950 3098 1061 3156; x_wconf 86' lang='lat' dir='ltr'>bonam</span> 
     </span>
     <span class='ocr_line' id='line_1_30' title="bbox 117 3193 1061 3269; baseline -0.002 -13"><span class='ocrx_word' id='word_1_223' title='bbox 117 3207 246 3257; x_wconf 90' lang='lat' dir='ltr'>mentem</span> <span class='ocrx_word' id='word_1_224' title='bbox 259 3195 407 3254; x_wconf 89' lang='lat' dir='ltr'>iracundia</span> <span class='ocrx_word' id='word_1_225' title='bbox 420 3203 449 3251; x_wconf 93' lang='lat' dir='ltr'>et</span> <span class='ocrx_word' id='word_1_226' title='bbox 463 3211 561 3251; x_wconf 90' lang='lat' dir='ltr'>amore</span> <span class='ocrx_word' id='word_1_227' title='bbox 576 3193 709 3252; x_wconf 89' lang='lat' dir='ltr'>ablatam.</span> <span class='ocrx_word' id='word_1_228' title='bbox 751 3193 800 3251; x_wconf 88' lang='lat' dir='ltr'>Tu</span> <span class='ocrx_word' id='word_1_229' title='bbox 819 3210 917 3269; x_wconf 92' lang='lat' dir='ltr'>porro,</span> <span class='ocrx_word' id='word_1_230' title='bbox 935 3213 1005 3253; x_wconf 91' lang='lat' dir='ltr'>cum</span> <span class='ocrx_word' id='word_1_231' title='bbox 1025 3195 1061 3254; x_wconf 87' lang='lat' dir='ltr'>ad</span> 
     </span>
     <span class='ocr_line' id='line_1_31' title="bbox 118 3290 1060 3369; baseline -0.004 -15"><span class='ocrx_word' id='word_1_232' title='bbox 118 3306 146 3354; x_wconf 91' lang='lat' dir='ltr'>te</span> <span class='ocrx_word' id='word_1_233' title='bbox 165 3294 350 3369; x_wconf 92' lang='lat' dir='ltr'>proficiscens</span> <span class='ocrx_word' id='word_1_234' title='bbox 364 3290 495 3347; x_wconf 84' lang='lat' dir='ltr'>Arimino</span> <span class='ocrx_word' id='word_1_235' title='bbox 516 3301 605 3348; x_wconf 91' lang='lat' dir='ltr'>noctu</span> <span class='ocrx_word' id='word_1_236' title='bbox 625 3290 777 3361; x_wconf 91' lang='lat' dir='ltr'>venissem,</span> <span class='ocrx_word' id='word_1_237' title='bbox 792 3290 863 3347; x_wconf 90' lang='lat' dir='ltr'>dum</span> <span class='ocrx_word' id='word_1_238' title='bbox 883 3291 958 3350; x_wconf 87' lang='lat' dir='ltr'>mihi</span> <span class='ocrx_word' id='word_1_239' title='bbox 978 3291 1060 3368; x_wconf 87' lang='lat' dir='ltr'>pacis</span> 
     </span>
     <span class='ocr_line' id='line_1_32' title="bbox 116 3386 1060 3465; baseline -0.006 -10"><span class='ocrx_word' id='word_1_240' title='bbox 116 3391 254 3455; x_wconf 83' lang='lat' dir='ltr'>mandata</span> <span class='ocrx_word' id='word_1_241' title='bbox 268 3391 320 3449; x_wconf 87' lang='lat' dir='ltr'>das</span> <span class='ocrx_word' id='word_1_242' title='bbox 335 3389 373 3447; x_wconf 87' lang='lat' dir='ltr'>ad</span> <span class='ocrx_word' id='word_1_243' title='bbox 387 3386 542 3448; x_wconf 89' lang='lat' dir='ltr'>Caesarem</span> <span class='ocrx_word' id='word_1_244' title='bbox 555 3397 584 3446; x_wconf 92' lang='lat' dir='ltr'>et</span> <span class='ocrx_word' id='word_1_245' title='bbox 602 3386 754 3446; x_wconf 90' lang='lat' dir='ltr'>mirificum</span> <span class='ocrx_word' id='word_1_246' title='bbox 773 3387 867 3447; x_wconf 87' lang='lat' dir='ltr'>civem</span> <span class='ocrx_word' id='word_1_247' title='bbox 885 3389 958 3465; x_wconf 85' lang='lat' dir='ltr'>agis,</span> <span class='ocrx_word' id='word_1_248' title='bbox 973 3389 1060 3449; x_wconf 87' lang='lat' dir='ltr'>amici</span> 
     </span>
    </p>
   </div>
   <div class='ocr_carea' id='block_1_7' title="bbox 0 0 1200 3848">
    <p class='ocr_par' dir='ltr' id='par_1_7' title="bbox 0 0 1200 3848">
     <span class='ocr_line' id='line_1_33' title="bbox 0 0 1200 3848; baseline 0 0"><span class='ocrx_word' id='word_1_249' title='bbox 0 0 1200 3848; x_wconf 95' lang='lat' dir='ltr'> </span> 
     </span>
    </p>
   </div>
  </div>
 </body>
</html>
