2392 3848
114 188 157 254 90
304 232 305 237 ,
385 185 422 249 Μ,
448 183 568 236 ructu
588 186 806 237 nicanorus*
932 173 1097 260 ἹΡιιειιΙ

115 352 179 392 rum
192 341 352 406 ventorum,
364 353 438 412 quos
453 336 599 412 proposui,
614 336 779 396 moderator
793 333 915 413 quidam
929 345 959 397 et
972 337 1050 415 quasi

116 432 308 506 gubernat0r;
324 433 373 508 qui
388 433 411 490 si
425 452 461 490 ex
475 434 609 491 omnibus
624 453 699 492 unus
712 435 857 510 optandus
868 445 955 506 esset,
967 451 1050 512 quem

116 539 212 587 tecum
236 528 365 588 conferre
389 549 551 606 possemus,
576 549 637 590 non
665 532 845 592 haberemus.
887 531 988 604 Quam
1015 531 1051 589 ob

116 644 186 696 rem,
202 626 224 684 si
243 645 290 685 me
310 645 477 698 memorem,
492 628 515 685 si
535 639 658 704 gratum,
674 631 698 688 si
714 630 825 688 bonum
846 627 941 687 virum
959 628 1005 687 vel
1019 645 1052 685 ert

117 724 173 782 hoc
187 724 259 799 ipso,
275 725 354 800 quod
368 734 427 782 tam
441 725 625 784 vehementer
640 727 676 785 de
694 727 806 785 Milone
824 726 966 798 laborem,
981 726 1052 784 exis·

117 821 216 880 timare
230 831 320 897 poteo,
333 823 356 880 si
371 822 490 897 dignum
505 824 628 900 denique
644 825 699 882 tuis
710 825 857 883 beneficiis
867 825 990 896 indicae,
998 823 1053 881 hoc

116 938 134 977 a
149 929 176 978 te
190 931 264 995 peta,
273 929 304 977 ut
318 921 470 979 subvenias
484 920 549 980 huic
564 940 646 980 meae
661 922 845 981 sollicitudini
855 932 884 980 et
893 923 962 981 huic
973 938 1053 978 meae

117 1017 193 1074 laudi
207 1018 258 1086 vel,
270 1028 301 1075 ut
315 1017 406 1076 verius
421 1017 524 1087 dicam,
537 1036 628 1093 prope
640 1019 723 1077 saluti
734 1029 816 1077 tuum
827 1019 957 1077 studium
968 1019 1053 1077 dices.

117 1111 162 1170 De
177 1114 240 1188 ipso
257 1115 293 1172 T.
308 1115 406 1174 Annio
421 1125 530 1173 tantum
545 1116 595 1172 tibi
609 1116 755 1192 polliceor,
771 1127 799 1174 te
818 1115 938 1174 maioris
958 1116 1053 1184 animi,

117 1212 270 1286 gravitatis,
286 1214 461 1272 constantiae
482 1213 759 1290 benevolentiaeque
780 1232 850 1289 erga
870 1223 908 1284 te,
929 1213 954 1272 si
974 1230 1054 1272 com·

117 1307 202 1382 plecti
221 1310 368 1368 hominem
386 1311 515 1381 volueris,
530 1310 695 1368 habiturum
714 1329 778 1368 esse
799 1311 964 1382 neminem3
986 1309 1054 1368 mihi

118 1422 185 1462 vero
217 1416 327 1466 tantum
360 1409 480 1479 decoris
509 1418 622 1466 tantum
650 1408 795 1482 dignitatis
824 1408 999 1478 adiunxeris,
1025 1418 1054 1466 ut

118 1502 242 1561 eundem
257 1515 284 1563 te
298 1505 379 1564 facile
394 1523 551 1581 agnoscam
566 1504 652 1563 luisse
667 1506 697 1563 in
711 1506 796 1563 laude
810 1523 885 1575 mea,
900 1506 952 1580 qui
970 1503 1054 1563 fueris

118 1599 147 1656 in
162 1600 259 1661 salute.
301 1619 327 1677 5.
343 1604 417 1679 Eg0,
429 1604 458 1660 ni
469 1614 496 1661 te
509 1603 603 1660 videre
613 1603 725 1673 scirem,
737 1621 805 1661 cum
816 1603 853 1660 ad
864 1613 892 1660 te
900 1603 974 1661 haec
988 1603 1053 1660 seri·

41 1701 43 1705 ’
118 1696 224 1769 berem,
236 1711 374 1776 quantum
386 1701 469 1760 officii
481 1701 659 1769 sustinerem,
671 1709 781 1775 quanto
795 1717 884 1776 opere
898 1700 971 1758 mihi
981 1709 1055 1758 esset

119 1796 148 1852 in
162 1794 215 1854 hac
230 1799 366 1872 petitione
381 1798 498 1857 Milonis
518 1798 598 1856 omni
613 1816 674 1855 non
688 1798 777 1856 modo
793 1797 989 1867 contentione,
1005 1796 1054 1854 sed

119 1895 204 1953 etiam
217 1894 398 1955 dimicatione
408 1895 624 1966 elaborandum,
636 1895 718 1971 plura
729 1895 901 1953 scriberem:
915 1912 996 1952 nunc
1006 1894 1054 1952 tibi

119 2013 236 2053 omnem
249 2013 310 2052 rem
324 2004 408 2069 atque
422 2012 539 2052 causam
553 2010 659 2068 meque
673 2001 766 2052 totum
780 1991 957 2049 commendo
972 2002 1054 2067 atque

119 2093 209 2151 trade.
230 2091 329 2149 Unum
340 2091 396 2149 hoc
412 2091 452 2148 sic
466 2090 591 2149 habeto:
615 2091 638 2148 si
656 2109 674 2148 a
688 2099 716 2148 te
730 2088 805 2148 hanc
819 2106 881 2147 rem
892 2089 1054 2164 impetraro,

119 2208 165 2247 me
180 2208 272 2264 paene
286 2188 349 2264 plus
361 2188 409 2245 tibi
421 2206 507 2263 quam
519 2189 574 2263 ipsi
584 2187 688 2245 Miloni
703 2188 865 2246 debiturum
878 2205 888 2259 ς
907 2185 1055 2244 nonenim

119 2287 188 2345 mihi
209 2297 268 2344 tam
288 2304 353 2344 mea
373 2285 449 2343 salus
471 2305 538 2344 cara
558 2285 619 2355 fuit,
634 2285 664 2343 in
684 2303 742 2361 qua
759 2283 913 2361 praecipue
935 2301 1001 2341 sum
1020 2282 1055 2340 ab

119 2385 167 2442 illo
183 2384 303 2454 adiutus,
319 2402 406 2459 quam
421 2384 512 2460 pietas
534 2383 587 2442 erit
601 2383 630 2440 in
645 2382 795 2440 referenda
808 2381 900 2456 gratia
914 2380 1054 2450 iucunda;

119 2500 183 2541 eam
198 2492 294 2540 autem
308 2482 392 2540 unius
406 2482 446 2539 tui
461 2481 555 2539 studio
569 2499 617 2538 me
632 2479 751 2556 adsequi
765 2496 852 2555 posse
866 2477 995 2539 confido.

345 2659 392 2714 31.
434 2655 490 2714 ΑΙ)
511 2651 706 2713 ATTICUM
727 2651 765 2711 V.
789 2670 835 2710 11.

200 2770 266 2831 Sca.
288 2769 419 2829 Asuuius
439 2789 484 2828 aa.
504 2768 606 2828 Noms
629 2767 793 2839 Qunrrraas
815 2783 898 2825 auc.
920 2777 989 2840 703.

420 2894 522 2936 crcaao
543 2892 649 2934 arrrco
670 2891 731 2933 ssa.

163 3011 187 3051 1.
209 2992 280 3063 Hur,
295 2991 438 3049 totiensne
456 3009 503 3048 me
522 2989 629 3047 litteras
648 2988 762 3046 dedisse
783 2985 917 3056 Romam,
933 3003 1002 3044 cum
1021 2986 1057 3045 ad

118 3101 146 3150 te
167 3090 259 3148 nullas
280 3090 400 3148 darem?
441 3088 481 3146 At
501 3105 568 3145 vero
590 3085 711 3163 posthac
734 3085 837 3142 frustra
857 3084 954 3159 potius
975 3084 1057 3156 dabo,

117 3205 212 3265 quam,
234 3188 258 3246 si
282 3196 359 3245 recte
382 3186 443 3244 dari
467 3185 621 3261 potuerint,
644 3184 824 3243 committam
845 3190 877 3238 ut
899 3199 961 3238 non
982 3181 1056 3241 dem.

116 3285 162 3342 Ne
181 3284 329 3359 provincia
347 3285 432 3342 nobis
452 3293 631 3359 prorogetur,
647 3300 699 3357 per
718 3281 864 3339 fortunasl
886 3279 957 3337 dum
979 3277 1056 3347 ades,

116 3383 252 3460 quicquid
272 3382 413 3460 provideri
428 3387 522 3459 potest,
538 3379 673 3448 pronde·
696 3397 757 3436 non
778 3377 833 3437 dici
848 3385 954 3453 potest,
970 3392 1056 3455 quam
