2392 3848
115 189 158 252 66
402 201 440 250 rt.
466 200 584 248 runnu
605 201 792 249 arcanorum
848 192 852 197 ·
942 187 1057 272 [rann.

116 361 185 432 Quo
205 360 323 437 quidem
343 369 483 436 tempore,
497 370 529 418 ut
548 358 702 435 perscripsi
721 358 758 416 ad
776 369 805 416 te
823 366 917 428 antea,
932 357 1058 434 cognovi

117 458 307 516 Hortensium
335 458 525 533 percupidum
555 458 605 528 tui,
636 457 799 515 studiosum
829 455 997 526 Lucullum,
1023 473 1058 513 ex

116 557 330 631 magistratibus
365 566 460 613 autem
495 554 529 612 L.
565 553 708 612 Racilium
743 564 771 612 et
804 552 862 612 fide
894 563 923 611 et
958 555 1056 611 animo

117 653 263 730 singulari.
306 651 385 709 Nam
398 664 498 711 nostra
512 653 704 728 propugnatio
719 670 753 709 ac
768 651 899 711 defensio
913 651 1058 726 dignitatis

116 763 183 811 tuae
197 759 314 826 propter
329 749 558 825 magnitudinem
576 749 709 807 beneficii
723 749 764 806 tui
778 749 901 806 fortasse
914 749 1059 824 plerisque

118 850 205 908 officii
229 849 369 906 maiorem
389 848 586 906 auctoritatem
607 847 714 904 habere
734 848 862 906 videatur
883 865 973 924 quam
996 865 1060 905 sen·

117 948 230 1007 tentiae.
283 965 309 1020 3.
331 945 483 1005 Praeterea
511 945 629 1022 quidem
645 945 693 1005 ,de
721 945 921 1009 consularibus
949 945 1058 1002 nemini

118 1063 238 1121 possum
253 1055 302 1102 aut
318 1044 403 1101 studii
418 1062 487 1119 erga
502 1052 530 1101 te
547 1055 595 1101 aut
614 1043 700 1101 officii
719 1055 769 1100 aut
785 1043 870 1101 amici
888 1044 979 1101 animi
996 1061 1059 1101 esse

118 1144 220 1202 testis:
249 1142 356 1201 etenim
376 1140 557 1216 Pompeium,
579 1141 628 1217 qui
656 1158 772 1199 mecum
800 1141 971 1215 saepissime
999 1159 1058 1197 non

119 1243 213 1301 solum
234 1261 253 1298 a
274 1258 322 1296 me
350 1250 530 1316 provocatus
558 1240 610 1298 sed
639 1241 725 1297 etiam
753 1258 805 1297 sua
833 1250 938 1315 sponte
967 1239 1005 1297 de
1032 1250 1060 1296 te

119 1338 334 1397 communicare
363 1337 443 1407 solet,
466 1339 522 1395 scis
549 1339 728 1412 temporibus
755 1337 808 1396 illis
834 1355 896 1395 non
921 1355 1010 1413 saepe
1030 1338 1060 1394 in

119 1447 222 1494 senatu
250 1434 355 1505 fuisse;
384 1437 430 1493 cui
458 1437 575 1512 quidem
603 1437 711 1494 litterae
732 1445 809 1508 tuae,
833 1455 906 1512 quas
926 1437 1060 1512 proxime

119 1535 246 1603 miserata,
274 1534 354 1608 quod
382 1532 466 1591 facile
493 1533 688 1603 intellexerim,
714 1533 908 1609 periucundae
936 1533 1059 1592 suerunt

120 1631 193 1689 Mihi
214 1631 331 1706 quidem
352 1631 515 1690 humanitas
535 1642 583 1689 tua
601 1632 645 1689 vel
667 1650 780 1690 summa
800 1632 897 1707 potius
919 1633 1061 1709 sapientia

120 1748 181 1787 non
210 1729 335 1788 iucunda
368 1729 470 1799 solum,
503 1729 554 1787 sed
585 1730 671 1787 etiam
703 1729 876 1787 admirabilis
907 1731 970 1789 visa
999 1743 1060 1790 est:

119 1828 211 1884 virum
233 1828 311 1884 enim
335 1827 523 1884 excellentem
552 1837 581 1885 et
609 1827 657 1884 tibi
686 1836 736 1885 tua
762 1829 920 1902 praestanti
941 1828 972 1885 in
994 1847 1061 1888 eum

120 1924 286 1982 liberalitate
306 1924 480 1994 devinctum,
495 1943 556 1982 non
575 1925 644 1981 nihil
665 1926 859 2000 suspicantem
874 1935 995 2001 propter
1015 1928 1061 1985 ali-

121 2039 246 2097 quorum
261 2022 432 2097 opinionem
450 2040 520 2080 suae
535 2023 698 2096 cupiditatis
713 2034 740 2081 te
755 2024 792 2080 ab
811 2041 842 2080 se
857 2024 1061 2095 abalienatum,

121 2119 168 2176 illa
189 2119 310 2194 epistola
330 2120 485 2191 retinuisti3
514 2121 563 2195 qui
584 2121 654 2178 mihi
673 2140 739 2179 cum
762 2140 877 2197 semper
897 2132 963 2181 tuae
985 2123 1062 2183 laudi

120 2217 215 2274 favere
248 2218 325 2274 visus
360 2228 411 2287 est,
439 2218 525 2274 etiam
561 2219 624 2292 ipso
659 2221 895 2294 suspitiosissimo
930 2232 1063 2298 tempore

122 2314 295 2382 Caninian0,
307 2324 367 2371 tum
379 2332 447 2372 vero
463 2314 542 2372 lectis
556 2316 612 2373 tuis
627 2316 725 2374 litteris
740 2328 909 2393 perspectus
923 2329 969 2377 est
984 2338 1002 2377 a
1016 2339 1063 2378 me

121 2423 184 2471 toto
209 2412 308 2468 animo
332 2413 368 2468 de
391 2422 418 2469 te
443 2412 538 2469 aede
563 2414 618 2471 tuis
641 2415 819 2472 ornamentis
844 2427 872 2474 et
897 2421 1063 2478 commodis

122 2511 259 2584 cogitare.
310 2527 335 2580 4.
362 2509 479 2579 Quare
500 2528 542 2579 ea,
564 2528 637 2585 quae
659 2513 793 2584 scribam,
815 2515 856 2572 sic
877 2514 996 2588 habeto,
1016 2537 1063 2576 me

123 2626 190 2668 cum
209 2607 256 2664 illo
275 2625 306 2665 re
328 2625 414 2682 saepe
436 2609 648 2666 communicata
668 2609 704 2667 de
724 2610 797 2668 illius
815 2613 851 2670 ad
873 2622 901 2670 te
921 2619 1064 2675 sententia

122 2716 209 2781 atque
235 2704 401 2761 auctoritate
426 2704 565 2762 scribere:
594 2708 731 2782 quoniam
756 2721 872 2768 senatus
897 2715 1064 2774 consultum

124 2805 234 2863 nullum
268 2811 369 2871 exstat,
395 2819 454 2876 quo
486 2802 615 2860 reductio
649 2805 725 2879 regis
760 2801 975 2890 [Alexandrini]
1014 2813 1064 2872 tibi

124 2904 262 2977 adempta
277 2900 321 2969 sit,
336 2916 437 2974 eaque,
453 2916 527 2974 quae
542 2900 578 2956 de
593 2918 628 2958 ea
647 2904 753 2976 scripta
772 2915 823 2975 est,
839 2910 1004 2983 auctoritas,
1020 2914 1065 2971 cui

124 3000 180 3057 scis
195 2998 384 3056 intercessum
398 3014 470 3065 esse,
481 3005 513 3053 ut
527 3014 563 3053 ne
578 2998 642 3072 quis
657 3002 777 3057 omnino
792 3021 891 3077 regem
905 3008 1064 3082 reduceret,

124 3107 234 3156 tantam
255 3096 313 3152 vim
333 3094 428 3163 habet,
442 3104 473 3150 ut
494 3095 588 3168 magis
608 3095 745 3153 iratorum
765 3099 916 3160 hominum
936 3108 1065 3167 studium

126 3212 214 3272 quam
233 3191 392 3253 constantis
413 3199 529 3248 senatus
551 3192 703 3249 consilium
722 3213 785 3252 esse
799 3198 936 3271 videatur,
953 3213 981 3262 te
1002 3226 1066 3282 per·

126 3294 237 3369 spicere
271 3310 366 3370 posse,
396 3291 444 3367 qui
473 3288 602 3347 Ciliciam
636 3289 823 3370 Cyprumque
859 3309 967 3374 teneas,
996 3309 1066 3383 quid

127 3391 248 3462 efficere,
273 3403 302 3452 et
330 3390 400 3468 quid
428 3389 567 3465 consequi
591 3391 694 3466 possiS,
720 3401 757 3464 et,
778 3394 802 3452 si
829 3415 875 3456 res
901 3400 1066 3464 facultatem
