2392 3848
137 215 180 280 ep.
198 203 264 284 ιφ]
332 215 444 265 sarar.
468 217 517 264 An
538 214 760 266 FAMJLJARES
782 213 815 266 r.
841 223 891 289 23.
1015 218 1076 289 275

323 447 388 502 146.
430 445 488 503 AD
509 445 762 504 FAMILIARES
784 444 821 504 X.
845 463 890 518 23.

235 555 301 617 Sca.
323 556 486 618 Cutinam
506 578 537 618 nu
557 579 669 619 rmmus
689 561 897 620 ALLOBROGUM
918 577 978 617 vm.

410 656 481 714 Inus
501 655 602 716 qums
623 674 704 716 auc.
730 670 797 730 711.

463 781 590 822 PLANCUS
611 781 753 823 CICERONI.

175 892 200 933 1.
232 873 389 943 Nuuounu
417 875 605 941 mehercules,
633 878 673 933 mi
702 875 816 946 Cicem,
844 895 892 934 me
920 873 1076 953 paenitebit

130 973 259 1031 maxima
274 974 401 1049 pericula
414 993 468 1050 pro
483 977 575 1050 patria
590 975 693 1047 subire,
709 976 788 1045 dum,
804 976 828 1033 si
852 975 922 1050 quid
943 973 1077 1032 acciderit

129 1071 210 1141 mihi,
225 1089 243 1128 a
261 1072 487 1147 reprehensione
508 1074 674 1131 temeritatis
696 1074 797 1131 absim.
841 1071 1002 1131 Confiterer
1022 1071 1076 1128 im·

129 1169 284 1246 prudentia
297 1187 345 1226 me
359 1169 481 1245 lapsum,
497 1170 520 1228 si
536 1188 674 1245 umquam
689 1170 803 1246 Lepido
818 1189 853 1228 ex
870 1171 970 1227 animo
985 1169 1075 1226 credi-

128 1267 256 1338 dissem3
277 1266 430 1324 credulitas
452 1267 530 1325 enim
551 1285 636 1326 error
652 1277 695 1326 est
716 1269 810 1342 magis
828 1285 916 1344 quam
938 1266 1030 1344 culpa,
1046 1276 1075 1324 et

128 1363 248 1441 quidem
262 1364 292 1421 in
307 1364 409 1439 optimi
426 1365 566 1439 cuiusque
585 1374 714 1424 mentem
729 1364 861 1423 facillime
877 1364 999 1439 inrepit:
1022 1363 1075 1420 sed

128 1478 187 1537 ego
208 1478 269 1518 non
285 1455 348 1518 hoc¹
357 1461 425 1518 vitio
447 1479 540 1536 paene
563 1480 627 1520 sum
650 1462 806 1538 deceptus;
828 1461 974 1536 Lepidum
996 1461 1074 1520 enim

128 1559 248 1636 pulchre
265 1577 377 1617 noram.
421 1557 500 1630 Quid
519 1577 590 1635 ergo
610 1561 673 1618 esti
694 1560 789 1636 pudor
810 1578 867 1629 me,
883 1559 932 1634 qui
950 1559 980 1616 in
997 1559 1074 1616 bello

127 1658 256 1716 maxime
271 1668 315 1715 est
329 1657 516 1732 periculosus,
531 1658 609 1716 hunc
624 1677 724 1716 casum
745 1658 841 1734 coe'git
858 1658 971 1729 subire;
994 1677 1072 1729 narn,

126 1757 184 1816 nisi
198 1774 259 1814 uno
273 1756 340 1814 loco
355 1774 458 1827 essem,
473 1757 592 1814 verebar
609 1775 646 1814 ne
666 1757 711 1814 cui
727 1758 950 1814 obtrectatorum
964 1755 1073 1812 viderer

126 1864 157 1913 et
175 1854 297 1912 nimium
317 1855 500 1929 pertinaciter
517 1853 631 1930 Lepido
656 1853 785 1912 offensus
805 1863 833 1911 et
852 1870 918 1911 mea
937 1853 1073 1928 patientia

126 1952 215 2010 etiam
236 1951 311 2010 alere
326 1952 442 2009 bellum.
487 1971 512 2009 2.
535 1952 637 2028 Itaque
660 1952 760 2028 copias
774 1969 865 2027 prope
880 1951 909 2006 in
930 1968 1073 2026 conspec-

125 2059 189 2109 tum
214 2049 318 2124 Lepidi
342 2049 521 2125 Antoniique
549 2050 657 2108 adduxi
686 2050 933 2126 quadragintaque
960 2048 1071 2104 milium

125 2165 266 2225 passuum
284 2148 379 2222 spatio
394 2147 492 2204 relicto
508 2147 629 2206 consedi
644 2166 681 2206 eo
695 2149 826 2217 consilio,
841 2156 871 2203 ut
886 2146 929 2203 vel
943 2144 1071 2204 celeriter

125 2245 265 2305 accedere
276 2244 320 2302 vel
332 2244 491 2303 salutariter
501 2245 627 2321 recipere
638 2263 685 2304 me
696 2263 822 2321 possem.
859 2243 988 2302 Adiunxi
998 2243 1070 2302 haec

125 2344 156 2402 in
178 2343 244 2402 loco
266 2343 409 2418 eligendo,
427 2341 536 2400 flumen
557 2344 725 2420 oppositum
746 2353 778 2401 ut
798 2342 944 2412 haberem,
959 2342 989 2398 in
1010 2358 1070 2417 quo

124 2460 208 2500 mora
232 2443 367 2499 transitus
391 2450 476 2509 esset,
493 2440 630 2499 Vocontii
653 2443 707 2501 sub
731 2460 820 2500 manu
841 2451 873 2498 ut
894 2450 998 2512 essent,
1018 2458 1072 2516 per

124 2557 250 2616 quorum
274 2538 341 2596 loca
368 2538 489 2595 fideliter
512 2538 583 2595 mihi
607 2547 717 2613 pateret
745 2539 804 2595 iter.
848 2537 977 2614 Lepidus
1005 2538 1069 2596 des·

124 2646 227 2714 perato
247 2635 372 2693 adventu
391 2653 468 2705 me0,
486 2653 572 2710 quem
595 2653 656 2692 non
676 2635 858 2693 mediocriter
877 2636 1019 2711 captabat,
1037 2654 1069 2694 se

124 2752 193 2794 curn
213 2733 345 2791 Antonio
367 2733 515 2791 coniunxit
537 2751 562 2790 a.
582 2733 610 2790 d.
629 2751 681 2790 1111.
695 2732 761 2790 Kal.
777 2733 884 2803 Iunias,
905 2732 1069 2808 eodemque

123 2833 173 2891 die
194 2831 232 2889 ad
252 2850 300 2889 me
321 2842 413 2889 castra
434 2840 603 2901 moverunt;
627 2831 726 2906 viginti
747 2831 824 2888 milia
840 2848 979 2906 passuum
1001 2848 1069 2888 cum

123 2931 269 2998 abessent,
290 2947 336 2986 res
355 2929 426 2985 mihi
448 2929 577 2985 nuntiata
598 2937 650 2986 est.
693 2946 719 3002 3.
741 2926 817 2986 Dedi
839 2945 959 3003 operam
980 2927 1068 2985 deum

122 3026 310 3102 benignitate,
324 3036 355 3083 ut
375 3035 403 3083 et
424 3025 553 3084 celeriter
571 3043 619 3082 me
638 3026 796 3100 reciperem
815 3024 904 3082 ethic
922 3025 1067 3084 discessus

123 3125 194 3185 nihil
220 3124 305 3199 fugae
330 3123 421 3182 simile
445 3123 571 3195 haberet,
593 3142 654 3181 non
676 3123 758 3182 miles
782 3123 865 3194 ullus,
886 3141 948 3181 non
968 3141 1066 3199 eques,

123 3241 185 3283 non
207 3223 362 3300 quicquam
388 3221 661 3296 impedimentorum
685 3223 860 3280 amitteretur
882 3231 931 3278 aut
955 3221 1067 3280 abillis

123 3320 300 3380 ferventibus
320 3319 479 3376 latronibus
503 3320 725 3396 interciperetur.
767 3318 868 3396 Itaque
889 3318 982 3395 pridie
1005 3319 1069 3378 No·

123 3437 178 3479 nas
197 3419 297 3477 Iunias
318 3435 421 3476 omnes
442 3417 542 3495 copias
557 3416 668 3477 Isaram
690 3418 785 3479 traieci
806 3428 977 3497 pontesque,
992 3435 1067 3495 quos

570 3534 621 3576 ra
