2498 3840
147 216 193 278 ap.
209 201 267 288 aa]
357 211 470 262 amr.
492 211 543 259 aa
563 211 731 262 arricum
750 213 798 262 rr.
816 214 851 284 ¹9.
1033 214 1092 283 ¹49

147 363 241 422 Recte
255 380 318 420 non
332 361 427 420 credis
446 360 483 418 de
504 379 625 419 numero
643 361 784 418 militumi
806 361 871 437 ipso
885 358 1010 419 dimidio
1028 358 1094 436 plus

147 461 266 536 scripsit
296 458 406 517 Clodia
462 458 580 515 Falsum
608 459 694 516 etiam
724 459 760 517 de
788 459 931 534 corruptis
965 459 1093 517 navibus.

148 557 240 629 Quod
266 556 403 615 consules
427 555 535 627 laudas,
557 574 614 630 ego
636 573 755 632 quoque
776 557 906 615 animum
925 556 1021 626 laudo,
1043 556 1097 614 sed

148 655 306 714 consilium
334 653 531 729 reprehendo,
565 655 695 712 discessu
716 655 796 712 enim
820 654 935 712 illorum
959 655 1035 712 actio
1059 654 1096 712 de

148 773 223 831 pace
244 753 358 810 sublata
379 762 431 821 est,
455 770 543 827 quam
565 753 684 826 quidem
707 770 764 826 ego
784 753 951 810 meditabar.
993 752 1096 827 Itaque

149 863 255 928 postea
269 850 411 908 Demetrii
430 850 534 907 librum
548 850 584 907 de
603 850 761 908 concordia
779 850 829 907 tibi
846 850 943 907 remisi
958 858 987 907 et
1000 849 1097 908 Philo·

152 952 225 1008 timo
248 948 316 1007 dedi
326 967 335 1020 ;
360 966 415 1005 nec
436 965 504 1005 vero
526 947 628 1006 dubito
648 949 719 1023 quin
741 947 894 1005 exitiosum
914 947 1022 1005 bellurn
1042 948 1096 1005 im-

151 1048 288 1124 pendeat,
312 1047 393 1104 cuius
417 1045 531 1102 initium
555 1047 674 1103 ducetur
697 1064 714 1102 a
735 1045 819 1103 farne.
862 1045 901 1103 Et
928 1063 976 1104 me
999 1054 1097 1103 tamen

152 1146 241 1204 doleo
255 1162 319 1202 non
339 1143 477 1200 interesse
494 1142 561 1200 huic
575 1143 670 1200 bellol
692 1143 721 1199 in
743 1161 802 1219 quo
822 1152 902 1200 tanta
919 1142 963 1200 vis
982 1144 1098 1202 sceleris

152 1244 248 1301 futura
261 1250 315 1312 est,
330 1252 370 1310 ut,
385 1259 451 1299 cum
466 1249 600 1317 parentes
618 1258 679 1298 non
699 1241 774 1298 alere
794 1241 934 1298 nefarium
949 1240 993 1311 sit,
1007 1242 1097 1299 nostri

152 1341 301 1418 principes
322 1339 552 1413 antiquissimam
573 1348 601 1395 et
623 1339 833 1396 sanctissimam
854 1348 1012 1414 parentem,
1034 1349 1098 1413 pat·

153 1441 235 1509 riam,
252 1438 331 1495 fame
346 1436 509 1494 necandam
530 1444 641 1511 putent.
682 1435 779 1511 Atque
798 1435 856 1493 hoc
876 1454 938 1494 non
960 1437 1098 1511 opinione

153 1538 253 1606 time0,
269 1534 321 1593 sed
336 1533 451 1591 interfui
467 1534 666 1591 sermonibus:
690 1535 786 1591 omnis
805 1534 877 1591 haec
892 1534 991 1592 classis
1009 1534 1098 1592 Alex·

154 1634 265 1703 andria,
281 1631 408 1702 Colchis
431 1630 520 1706 Tyro,
540 1629 657 1701 Sidone,
672 1630 782 1701 Arado,
797 1631 905 1706 Cypro,
920 1631 1097 1707 Pamphylia,

153 1731 253 1808 Lycia,
276 1728 394 1799 Rhod0,
416 1727 499 1797 Chio,
522 1727 671 1803 Byzanti0,
693 1728 799 1798 Lesbo,
826 1728 956 1804 Smyrna,
985 1728 1096 1801 Mileto,

155 1830 220 1889 Coo
246 1828 285 1886 ad
310 1826 543 1884 intercludendos
567 1835 748 1884 commeatus
770 1825 871 1884 Italiae
895 1836 924 1884 ct
948 1828 986 1885 ad
1009 1838 1098 1886 occu-

154 1927 268 2004 pandas
293 1924 494 1982 frumentarias
516 1924 679 1999 provincias
707 1932 900 1998 comparatur.
941 1924 982 1982 At
1009 1943 1099 2000 quam

154 2026 250 2084 veniet
270 2023 376 2080 iratusl
408 2030 437 2079 et
461 2021 495 2079 iis
516 2021 635 2096 quidem
656 2022 792 2091 maxime,
814 2021 952 2096 quicum
972 2023 1099 2081 maxime

155 2123 267 2182 salvum
295 2120 439 2188 volebant,
468 2119 551 2194 quasi
584 2119 699 2177 relictus
730 2120 768 2176 ab
795 2119 839 2189 iis,
868 2137 944 2195 quos
977 2119 1099 2195 reliquit.

155 2220 257 2295 Itaque
272 2217 344 2275 mihi
359 2217 507 2288 dubitanti,
523 2217 593 2293 quid
611 2234 658 2274 me
673 2215 767 2274 facere
781 2234 834 2291 par
847 2217 892 2287 sit,
906 2235 1100 2292 permagnum

156 2316 273 2396 pondus
288 2314 380 2372 adfert
394 2315 595 2372 benevolentia
608 2333 679 2389 erga
692 2314 780 2384 illum,
796 2331 855 2389 qua
870 2315 989 2392 dempta
1007 2317 1100 2391 perire

156 2415 258 2473 melius
281 2421 358 2470 esset
380 2412 410 2469 in
434 2413 526 2489 patria
546 2430 634 2488 quam
656 2413 779 2488 patriam
801 2413 943 2471 servando
964 2425 1098 2474 evertere.

157 2511 200 2569 De
216 2510 425 2586 septemtrione
439 2510 524 2584 plane
538 2510 577 2567 ita
591 2520 652 2578 est;
675 2520 773 2568 metuo
792 2528 829 2567 ne
848 2521 967 2568 vexetur
984 2511 1099 2587 Epirus.

158 2609 213 2667 Sed
238 2625 328 2683 quem
352 2616 383 2664 tu
405 2606 503 2664 locum
528 2605 668 2664 Graeciae
689 2624 750 2664 non
773 2608 916 2683 direptum
940 2609 973 2666 iri
993 2609 1100 2684 putas?

157 2705 310 2765 Praedicat
330 2705 408 2761 enim
427 2704 524 2779 palam
544 2714 572 2762 et
594 2704 730 2762 militibus
753 2706 879 2763 ostendit
898 2723 929 2764 se
949 2706 1101 2782 largitione

157 2808 219 2882 ipsa
248 2802 428 2877 superiorem
457 2819 545 2877 quam
566 2802 643 2860 hunc
672 2803 742 2860 sore.
784 2802 859 2861 Illud
881 2821 929 2860 me
955 2803 1101 2878 praeclare

158 2904 309 2971 admones,
331 2917 399 2957 cum
420 2899 499 2956 illum
520 2900 629 2970 videro,
650 2919 687 2958 ne
709 2901 795 2957 nimis
817 2901 999 2975 indulgenter
1019 2911 1047 2958 et
1069 2911 1100 2960 ut

158 3019 224 3059 cum
240 2998 378 3074 gravitate
391 2997 490 3070 potius
503 2996 621 3072 loquar:
642 2996 728 3072 plane
743 2998 784 3056 sic
798 2995 972 3056 faciendum.
1014 2997 1100 3073 Arpi·

158 3115 237 3167 num,
260 3113 329 3152 cum
354 3112 421 3151 eum
446 3111 620 3164 convenero,
642 3095 748 3169 cogito,
769 3113 806 3152 ne
835 3094 908 3152 forte
929 3104 978 3153 aut
999 3095 1100 3165 absim,

160 3213 226 3253 cum
247 3193 351 3261 veniet,
373 3201 422 3249 aut
444 3209 555 3248 cursem
577 3191 633 3248 huc
658 3191 724 3249 illuc
744 3193 790 3248 via
811 3192 969 3250 deterrima.
1012 3192 1101 3250 Bibu-

159 3292 227 3360 lum,
242 3300 275 3347 ut
290 3289 398 3358 scribis,
420 3288 506 3345 audio
528 3289 640 3346 venisse
661 3298 691 3346 et
711 3289 819 3346 redisse
839 3289 931 3364 pridie
952 3290 1029 3348 Idus
1072 3309 1101 3364 3.

160 3388 357 3459 Philotimum,
381 3397 413 3444 ut
440 3387 483 3444 ais
508 3385 630 3462 epistola
653 3386 745 3458 tertia,
768 3388 975 3464 exspectabas;
1005 3396 1034 3448 at
1054 3385 1110 3466 ille,
