2498 3840
151 190 214 256 250
418 185 455 234 rr.
482 185 600 233 rurrrr
622 186 812 236 croaaonrs
980 175 1050 259 [rm
1063 191 1094 239 ν.

148 347 181 396 ut
204 355 242 394 ne
266 335 313 395 cui
337 335 493 411 quicquam
517 336 585 394 iuris
609 335 640 394 in
661 347 710 394 tua
730 335 881 412 provincia
901 353 965 396 esse
986 336 1096 413 patiare

150 445 236 510 atque
258 443 291 492 ut
314 433 414 490 omnia
441 433 547 493 referas
575 432 613 491 ad
642 434 822 510 dignitatem,
848 452 907 510 qua
933 433 1004 492 nihil
1030 452 1097 493 esse

149 537 246 605 potest
270 527 468 602 praestantius.
522 546 549 599 4.
572 527 649 586 Vere
674 537 771 586 tecum
795 546 892 604 agam,
912 538 945 586 ut
968 530 1098 587 necessi·

148 626 219 686 tudo
238 636 338 683 nostra
356 625 501 699 postulat:
523 626 553 683 in
576 625 758 701 Sempronio
777 626 801 684 si
822 625 897 684 meis
920 625 1020 684 litteris
1042 627 1098 684 ob·

148 729 348 795 temperasses
360 719 517 775 maximam
531 719 569 775 ab
580 719 717 776 omnibus
731 719 847 777 laudem
862 719 986 795 adeptus
997 736 1097 790 esses;

149 817 200 876 sed
221 817 291 874 illud
312 825 340 873 et
361 816 507 891 praeteriit
528 825 556 875 et
576 815 666 874 levius
686 825 740 887 est,
753 815 828 875 haec
845 834 955 892 magna
971 833 1019 874 res
1035 827 1098 875 est:

148 914 194 972 fac
206 923 236 971 ut
250 913 428 989 provinciam
440 913 564 972 retineas
579 913 608 971 in
620 922 763 988 potestate
777 914 818 972 rei
831 914 975 989 publicae.
1011 913 1100 973 Plura

148 1013 337 1088 scripsissem,
352 1011 408 1067 nisi
422 1011 463 1067 tui
479 1010 656 1069 festinarent.
691 1011 796 1088 ltaque
811 1009 980 1088 Chaerippo
995 1019 1099 1071 nostro

148 1128 196 1169 me
209 1110 295 1167 velim
310 1126 440 1167 excuses.

342 1252 407 1306 125.
449 1245 506 1304 AD
527 1246 778 1305 FAMILIARES
799 1246 852 1305 XI.
875 1249 902 1306 8.

285 1353 350 1413 Sca.
373 1352 482 1412 Roman
502 1370 597 1411 marsa
618 1351 762 1412 lauunruo
783 1370 867 1412 auc.
890 1364 959 1426 711.

288 1478 435 1519 morcaro
456 1478 676 1519 sanmuro
697 1478 756 1518 nra.
778 1478 835 1519 cos
858 1477 951 1519 nssm.

192 1585 217 1626 1.
238 1565 285 1626 Eo
300 1575 432 1639 tempore
447 1564 528 1622 Polla
543 1574 592 1621 tua
606 1565 691 1633 misit,
705 1575 737 1621 ut
752 1562 789 1621 ad
806 1574 843 1634 te,
859 1565 883 1622 si
897 1563 969 1640 quid
983 1565 1097 1637 vellem,

149 1665 248 1723 darem
273 1663 438 1732 litterarum,
464 1681 539 1732 cum,
566 1662 636 1737 quid
661 1663 824 1731 scriberem,
847 1680 908 1720 non
933 1662 1096 1736 habebam3

149 1764 248 1821 omnia
270 1763 349 1819 enim
374 1770 454 1818 erant
478 1778 621 1835 suspensa
644 1769 764 1835 propter
784 1760 1034 1835 exspectationem
1056 1761 1098 1820 le·

148 1871 292 1936 gaiorum,
307 1859 356 1934 qui
371 1858 439 1933 quid
460 1858 593 1933 egissent,
609 1857 752 1914 nihildum
771 1857 967 1916 nuntiabatur.
1010 1857 1097 1918 Haec

147 1969 246 2016 tamen
266 1955 419 2014 scribenda
438 1954 615 2013 existimavi:
641 1954 766 2029 primum
786 1963 919 2013 senatum
939 1957 1097 2032 populum·

149 2074 205 2132 que
231 2053 399 2112 Romanum
424 2052 460 2109 de
483 2061 512 2109 te
536 2051 667 2108 laborare
692 2068 753 2109 non
779 2051 874 2109 solum
899 2052 999 2115 salutis
1025 2071 1097 2112 suae

148 2170 244 2221 causa,
268 2150 320 2208 sed
344 2150 431 2207 etiam
456 2149 601 2224 dignitatis
630 2159 714 2218 tuae;
747 2148 923 2208 admirabilis
949 2151 1028 2207 enim
1053 2162 1119 2209 est·

148 2248 293 2326 quaedam
320 2247 361 2304 tui
383 2247 509 2304 nominis
538 2246 640 2303 caritas
666 2263 806 2322 amorque
831 2246 861 2303 in
888 2256 917 2304 te
942 2245 1096 2322 singularis

150 2348 280 2407 omnium
308 2344 427 2402 civium:
457 2345 495 2401 ita
520 2344 597 2400 enim
622 2352 740 2418 sperant
768 2353 855 2419 atque
880 2343 1041 2416 confidunt,
1065 2356 1097 2404 ut

150 2455 236 2503 antea
261 2461 338 2517 rege,
368 2442 408 2499 sic
435 2441 493 2498 hoc
520 2452 652 2515 tempore
679 2457 772 2514 regno
803 2451 831 2498 te
859 2459 920 2498 rem
948 2442 1096 2517 publicam

148 2544 342 2601 liberaturum.
387 2558 412 2596 a.
435 2537 549 2596 Romae
573 2538 692 2595 dilectus
717 2539 840 2596 habetur
862 2548 980 2614 totaque
1004 2540 1096 2611 ltalia,

150 2643 174 2700 si
198 2638 389 2713 hicdilectus
417 2636 606 2712 appellandus
639 2646 691 2706 est,
721 2654 788 2696 cum
812 2636 887 2694 ultro
913 2654 944 2696 se
969 2637 1098 2697 offerunt

150 2753 271 2796 omnes:
295 2742 391 2790 tantus
415 2734 501 2791 ardor
523 2733 636 2790 animos
664 2732 817 2791 hominum
839 2732 995 2807 occupavit
1019 2732 1097 2791 desi·

150 2835 230 2893 derio
255 2832 390 2890 libertatis
413 2831 539 2906 odioque
564 2831 691 2889 diutinae
717 2831 866 2889 servitutis.
908 2828 955 2888 De
979 2832 1097 2908 reliquis

150 2933 236 2990 rebus
261 2947 278 2986 a
302 2938 330 2985 te
354 2928 413 2985 iam
440 2937 607 3003 exspectare
635 2928 741 2986 litteras
763 2927 913 2997 debemus,
935 2928 1006 3003 quid
1034 2929 1097 3004 ipse

150 3047 228 3104 agas,
246 3026 314 3103 quid
335 3035 433 3082 noster
454 3023 572 3095 Hirtius,
590 3025 660 3100 quid
680 3025 788 3084 Caesar
807 3042 898 3095 meus,
914 3043 989 3101 quos
1009 3043 1097 3102 spero

150 3125 230 3184 brevi
251 3133 382 3197 tempore
407 3123 544 3180 societate
568 3122 704 3180 victoriae
729 3132 826 3180 tecum
849 3122 1003 3197 copulatos
1025 3124 1095 3182 sore.

152 3223 308 3298 Reliquum
331 3231 373 3278 est
395 3230 427 3277 ut
448 3220 485 3277 de
505 3238 553 3277 me
574 3219 604 3277 id
625 3221 758 3289 scribam,
774 3219 854 3295 quod
875 3229 904 3278 te
924 3236 960 3276 ex
980 3228 1097 3278 tuorum

152 3320 249 3379 litteris
274 3328 302 3377 et
327 3335 413 3392 spero
438 3325 467 3375 et
491 3317 568 3375 malo
593 3332 779 3392 cognoscere,
802 3334 849 3372 me
874 3334 970 3392 neque
995 3316 1098 3375 deesse

153 3416 210 3476 ulla
223 3417 253 3474 in
267 3434 297 3473 re
312 3432 408 3490 neque
422 3431 562 3490 umquam
577 3413 741 3471 defuturum
759 3413 889 3488 dignitati
902 3423 977 3474 tuae.
