2392 3848
113 200 153 268 28
384 215 423 267 ur.
450 217 569 266 runnu
590 217 780 268 eternorum
796 218 809 223 ⁴*

955 205 1033 292 [raa
1048 220 1069 270 r.

113 372 293 448 appellantur
311 375 389 446 boni,
412 377 461 451 qui
483 375 553 433 mihi
575 394 637 435 non
660 376 751 434 modo
767 374 999 451 praemiorum,
1016 377 1068 436 sed

112 489 149 528 ne
185 490 353 529 sermonum
387 473 505 549 quidem
542 492 682 549 umquam
719 473 844 532 fructum
879 473 978 532 ullum
1019 486 1069 534 aut

111 568 234 644 gratiam
261 571 436 629 rettulerunt.
483 590 510 645 3.
542 570 632 641 Quod
661 571 685 630 si
713 571 743 628 in
771 588 837 628 eam
864 588 915 628 me
945 582 1068 646 partem

112 667 268 737 incitarem,
302 668 433 742 prolecto
464 669 522 726 iam
550 669 676 744 aliquam
710 668 866 744 reperirem
902 669 1067 728 resistendi

112 765 206 822 viam:
227 783 306 824 nunc
326 783 443 840 prorsus
465 765 522 824 hoc
543 766 636 835 statui,
658 775 697 835 ut,
720 766 859 841 quoniam
880 773 967 823 tauta
993 785 1067 826 con·

112 863 248 923 troversia
267 872 310 920 est
328 862 517 933 Dicaearcho,
536 862 667 920 familiari
682 872 741 933 tu0‚
755 881 823 921 cum
838 860 1066 938 Theophrasto,

113 959 207 1016 amico
226 977 302 1028 meu,
322 969 353 1016 ut
372 959 418 1016 ille
436 969 502 1017 tuus
518 963 563 1015 τὸν
582 962 719 1032 πρακτικὸν
734 961 793 1028 βίον
810 959 900 1034 longe
920 962 1067 1021 omnibus

112 1067 278 1132 anteponat,
307 1057 353 1115 hic
379 1068 475 1115 autem
497 1060 542 1113 τὸν
562 1059 720 1130 θεωρητικόν,
747 1058 860 1134 utrique
881 1074 899 1114 a
920 1076 974 1116 me
998 1078 1067 1119 mos

112 1165 210 1228 gestus
229 1173 293 1212 esse
307 1154 454 1226 videatur;
476 1164 547 1230 puto
568 1156 646 1212 enim
666 1173 714 1213 me
736 1153 919 1213 Dicaearcho
937 1156 1067 1216 adfatim

113 1253 180 1310 satis
201 1252 312 1322 fecisse,
333 1253 456 1328 respicio
478 1271 556 1311 nunc
578 1253 616 1311 ad
633 1252 708 1311 hanc
727 1253 873 1318 familiam,
890 1271 970 1328 quae
992 1255 1066 1314 mihi

112 1367 173 1408 non
203 1350 302 1415 modo,
334 1361 365 1407 ut
395 1351 583 1425 requiescam,
612 1351 757 1426 permittit,
779 1349 830 1408 sed
859 1350 1066 1426 reprehendit,

113 1448 254 1525 quianon
269 1466 383 1523 semper
397 1449 525 1524 quierim.
570 1448 638 1520 Qua
651 1467 681 1505 re
695 1449 907 1519 incumbamus
923 1466 943 1506 0
959 1462 1067 1510 noster

113 1545 188 1617 Tite,
210 1546 247 1603 ad
268 1546 315 1603 illa
336 1547 482 1621 praeclara
503 1547 597 1604 studia
616 1559 644 1605 et
663 1565 707 1617 e0‚
726 1547 804 1604 unde
826 1546 981 1606 discedere
1002 1567 1067 1608 nou

113 1644 247 1719 oportuit,
276 1645 431 1720 aliquando
462 1655 643 1703 revertamur.
697 1664 722 1716 4.
757 1643 846 1716 Quod
881 1643 918 1701 de
955 1645 1067 1718 Quinti

113 1742 205 1801 lratris
233 1742 354 1818 epistola
376 1742 485 1813 scribiS,
511 1744 549 1800 ad
572 1761 619 1800 me
644 1760 762 1819 quoque
785 1742 836 1799 luit
858 1744 962 1816 πρόσθε
988 1749 1066 1818 λέων,

113 1842 201 1897 ὄπιθεν
228 1843 256 1896 δὲ
282 1874 332 1902 -.
382 1840 461 1911 Quid
486 1840 581 1898 dicam
609 1842 726 1898 nescio:
756 1858 826 1897 nam
853 1840 892 1898 ita
926 1840 1068 1916 deplorat

113 1939 212 2014 primis
236 1939 364 2002 versibus
392 1940 576 1996 mansionem
604 1957 696 2009 suam,
721 1948 752 1995 ut
780 1938 910 2013 quemvis
939 1957 1068 2001 movere

113 2038 223 2111 possit;
244 2037 283 2094 ita
301 2055 398 2094 rursus
418 2038 542 2107 remittit,
561 2046 593 2095 ut
613 2055 660 2093 me
681 2046 772 2110 roget,
794 2045 825 2093 ut
846 2035 968 2094 annales
994 2057 1068 2100 suos

114 2134 267 2192 emendem
285 2144 314 2193 et
332 2135 426 2192 edam.
468 2134 543 2194 Illud
563 2145 669 2203 tamen,
693 2133 773 2209 quod
795 2134 900 2198 scribit,
924 2135 1068 2198 animad-

114 2242 206 2290 vertas
237 2233 330 2301 velim,
363 2233 399 2290 de
428 2233 557 2308 portorio
587 2232 855 2302 circumvectionis;
885 2231 926 2290 ait
961 2250 999 2292 se
1030 2237 1069 2296 de

114 2330 226 2388 consilii
253 2331 395 2388 sententia
422 2349 483 2388 rem
511 2330 549 2388 ad
580 2340 713 2387 senatum
741 2330 893 2387 reiecisse:
923 2333 1069 2394 nondum

113 2429 243 2486 videlicet
264 2446 345 2486 meas
364 2429 468 2486 htteras
487 2428 604 2502 legerat,
625 2428 730 2502 quibus
745 2426 782 2483 ad
797 2444 864 2485 eum
878 2444 908 2483 re
923 2433 1071 2493 consulta

114 2536 142 2584 et
170 2526 318 2601 explorata
348 2526 552 2601 rescripseram
582 2544 642 2583 non
671 2525 778 2583 deberi.
820 2523 926 2596 Velim,
956 2526 983 2583 si
1016 2532 1070 2608 qui

115 2623 220 2682 Graeci
233 2623 291 2680 iam
305 2623 433 2681 Romam
448 2641 484 2681 ex
498 2624 568 2681 Asia
585 2623 621 2680 de
641 2641 675 2680 ea
694 2640 781 2680 causa
794 2631 943 2692 venerunt,
959 2624 1069 2688 videas

113 2732 150 2793 et,
175 2722 199 2780 si
221 2721 271 2779 tibi
293 2721 442 2791 videbitur,
467 2722 501 2778 iis
524 2721 713 2790 demonstres,
738 2719 814 2797 quid.
831 2737 887 2794 ego
909 2718 948 2778 de
971 2739 1013 2782 ea
1036 2745 1070 2786 re

114 2821 243 2880 sentiam.
294 2818 324 2876 Si
351 2838 472 2895 possum
501 2820 656 2889 discedere,
687 2837 724 2877 ne
759 2835 846 2876 causa
880 2817 998 2892 optima
1037 2825 1071 2884 in

27 2966 37 2993 ,
114 2929 216 2978 senatu
242 2927 348 2995 pereat,
377 2934 434 2992 ego
460 2918 528 2975 satis
553 2917 658 2975 luciam
686 2916 855 2991 publicanis,
877 2917 900 2970 εἶ
921 2918 950 2971 δὲ
973 2921 1071 2991 μή,-

113 3036 179 3075 vere
206 3027 302 3075 tecum
326 3015 499 3090 loquar-in
526 3015 625 3073 haere
649 3015 726 3073 malo
749 3014 898 3071 universae
917 3013 1015 3076 Asiae
1040 3032 1072 3082 et

113 3115 357 3189 negotiatoribus3
379 3131 448 3170 nam
469 3130 570 3171 eorum
592 3131 708 3188 quoque
725 3110 909 3169 vehementer
928 3113 1070 3179 interest,

113 3211 183 3270 Hoc
196 3229 253 3286 ego
268 3212 361 3269 sentio
375 3210 457 3268 valde
471 3212 556 3268 nobis
572 3228 647 3285 opus
662 3227 734 3268 esse.
776 3208 834 3267 Sed
849 3218 879 3265 tu
894 3207 923 3265 id
937 3211 1070 3279 videbis.

113 3309 290 3382 Quaestores
309 3321 414 3378 autem,
433 3327 550 3384 quaeso,
570 3327 641 3366 num
660 3309 745 3365 etiam
765 3306 801 3365 de
816 3305 986 3381 cistophoro
1010 3314 1071 3374 du.

113 3408 223 3467 bitant?
245 3424 313 3466 nam
328 3408 352 3466 si
366 3407 443 3466 aliud
457 3407 526 3465 nihil
540 3407 600 3478 erit,
615 3424 683 3466 cum
702 3406 808 3464 erimus
823 3405 922 3464 omnia
936 3414 1070 3487 experti,
