2392 3848
125 207 294 293 spania]
322 220 436 271 aaran
454 220 503 269 nn
524 220 749 271 FAMILIARES
769 220 819 272 ιν.
836 209 867 274 6.
1006 218 1066 275 211

125 390 244 457 tempus
257 378 310 437 tibi
323 388 407 456 turpe
420 388 464 438 est
478 396 513 438 ac
527 396 590 438 non
606 379 633 438 ei
647 379 687 438 rei
701 379 841 456 sapientia
854 387 904 437 tua
922 389 951 438 te
969 360 1070 438 occur·¹

124 496 197 538 rere.
240 476 332 550 Quod
346 478 370 536 si
384 478 434 554 qui
448 478 534 536 etiam
550 477 648 537 inferis
663 496 765 536 sensus
779 487 832 548 est,
847 478 896 554 qui
910 476 983 536 illius
997 478 1028 534 in
1041 487 1070 535 te

124 592 210 635 amor
223 573 278 633 fuit
291 574 440 652 pietasque
454 574 485 632 in
500 593 606 634 omnes
621 593 698 641 suos,
710 575 767 633 hoc
782 585 858 633 certe
872 575 919 632 illa
933 585 961 633 te
976 575 1070 633 facere

123 687 187 729 non
196 668 267 728 volt.
308 667 357 727 Da
366 668 423 728 hoc
437 669 476 726 illi
491 679 641 742 mortuae3
657 670 695 728 da
709 670 811 728 ceteris
826 670 927 728 amicis
942 688 976 729 ac
988 669 1071 728 fami·

123 766 252 837 liaribus,
273 765 324 843 qui
343 775 395 825 tuo
416 765 517 825 dolore
539 776 688 840 maerent;
710 767 748 825 da
768 768 884 843 patriae,
905 777 945 838 ut,
968 768 992 826 si
1013 784 1072 843 qua

124 864 155 923 iu
167 882 200 924 re
219 881 295 942 opus
310 864 354 934 sit,
368 881 459 940 opera
478 876 507 925 et
524 866 646 924 consilio
661 876 711 923 tuo
729 866 770 923 uti
783 865 884 941 possit.
925 864 1070 942 Denique,

123 961 266 1041 quoniam
286 961 317 1018 in
338 978 404 1018 eam
419 959 566 1019 fortunam
589 963 764 1033 devenimus,
783 972 815 1020 ut
835 963 923 1020 etiam
943 962 1009 1022 huic
1030 962 1071 1021 rei

123 1059 211 1119 uobis
238 1057 421 1117 serviendum
446 1059 490 1129 sit,
515 1059 575 1116 noli
602 1060 782 1118 committere
806 1068 837 1117 ut
862 1059 1017 1136 quisquam
1042 1069 1070 1118 te

123 1166 207 1235 putet
234 1174 296 1215 non
323 1165 384 1214 tarn
412 1156 501 1215 filiam
529 1175 618 1234 quam
652 1159 694 1216 rei
721 1158 853 1234 publicae
880 1168 1012 1234 tempora
1041 1169 1071 1217 et

122 1254 249 1315 aliorum
268 1253 419 1312 victoriam
444 1253 550 1329 lugere.
593 1255 679 1313 Plura
706 1273 753 1312 me
779 1255 817 1314 ad
843 1263 872 1313 te
900 1255 937 1314 de
960 1254 1016 1313 hac
1040 1274 1071 1314 re

122 1351 252 1411 scribere
273 1350 370 1428 pudet,
389 1370 427 1409 ne
448 1351 546 1410 videar
566 1353 736 1428 prudentiae
758 1363 824 1411 tuae
845 1352 972 1411 diffidere
983 1372 991 1426 ;
1012 1371 1071 1430 qua

122 1466 164 1519 re,
188 1447 215 1507 si
241 1447 299 1507 hoc
326 1466 417 1506 unum
446 1466 636 1525 proposuero,
661 1449 751 1507 finem
776 1449 881 1507 faciam
909 1448 1070 1507 scribendi:

123 1544 250 1603 vidimus
269 1544 443 1622 aliquotiens
463 1546 623 1604 secundam
640 1547 830 1623 pulcherrime
850 1556 878 1604 te
893 1546 965 1605 ferre
980 1546 1071 1604 sortu-

123 1660 196 1703 nam
220 1661 417 1719 magnamque
441 1662 478 1701 ex
503 1661 539 1702 ea
562 1663 593 1703 re
617 1654 646 1703 te
670 1645 787 1703 laudem
811 1645 921 1720 apisci3
951 1643 996 1703 fac
1021 1644 1071 1702 ali·
1126 1635 1130 1642 ’

124 1741 247 1819 quaudo
271 1741 471 1816 intellegamus
499 1741 651 1800 adversam
676 1759 793 1818 quoque
821 1750 850 1801 te
876 1759 969 1817 aeque
997 1739 1070 1799 ferre

124 1856 215 1917 posse
235 1856 332 1915 neque
350 1837 380 1896 id
401 1840 504 1912 maius,
518 1856 607 1915 quam
628 1839 740 1909 debeat,
756 1839 807 1898 tibi
827 1856 903 1898 onus
920 1838 1018 1909 videri,
1032 1857 1070 1897 ne

124 1954 163 1995 ex
191 1935 329 1994 omnibus
356 1935 506 1994 virtutibus
532 1935 606 1995 haec
633 1955 693 1994 una
725 1936 776 1995 tibi
804 1935 932 1994 videatur
960 1934 1070 1994 deesse.

125 2031 219 2105 Quod
241 2031 280 2090 ad
302 2050 350 2090 me
375 2034 483 2105 attinet,
509 2051 576 2091 cum
601 2043 630 2091 te
658 2033 852 2109 tranquilliore
880 2033 978 2091 animo
1007 2051 1070 2091 esse

125 2147 268 2207 cognoro,
283 2129 319 2188 de
334 2129 368 2188 iis
381 2131 475 2201 rebus,
491 2147 566 2206 quae
581 2130 627 2189 hic
649 2139 795 2205 geruntur,
810 2130 1071 2206 quemadmodum·

125 2244 186 2305 que
199 2245 231 2287 se
245 2227 394 2305 provincia
407 2226 522 2300 habeat,
536 2228 688 2287 certiorem
702 2226 816 2287 faciam.
857 2225 941 2288 Vale.

328 2388 375 2443 99.
417 2383 475 2442 AD
496 2383 749 2444 FAMILIARES
770 2383 822 2443 IV.
847 2386 872 2443 6.

266 2496 333 2559 Sca.
354 2500 497 2559 Ascuam
517 2518 612 2559 nausa
632 2499 739 2559 Arnum
759 2518 846 2560 nuc.
868 2513 936 2578 709.

368 2625 402 2664 u.
416 2624 520 2666 emano
541 2625 563 2665 s.
578 2626 607 2665 o.
621 2624 681 2665 sun.
697 2623 834 2666 sunrrcro.

170 2741 196 2784 1.
217 2719 283 2781 Eoo
297 2740 375 2793 vero,
391 2723 480 2793 Servi,
495 2723 606 2794 vellem,
621 2730 653 2780 ut
674 2722 784 2792 scribis,
799 2722 829 2780 in
849 2741 917 2782 meo
939 2724 1072 2800 gravissi·

125 2838 178 2881 mo
192 2837 264 2879 casu
278 2819 436 2878 adfuisses:
458 2831 599 2897 quantum
617 2821 695 2877 enim
713 2838 851 2895 praesens
870 2838 918 2878 me
937 2821 1071 2880 adiuvare

126 2916 257 2995 potueris
282 2926 311 2975 et
335 2919 518 2978 consolando
544 2928 572 2977 et
596 2935 689 2994 prope
714 2935 805 2994 aeque
831 2917 966 2989 dolendo
988 2918 1072 2978 facile

126 3034 165 3075 ex
185 3031 224 3072 eo
243 3012 389 3091 intelleg0,
405 3016 485 3091 quod
502 3015 602 3072 litteris
622 3014 702 3072 lectis
724 3014 902 3088 aliquantum
923 3014 1052 3089 acquievi
1061 3033 1070 3088 ;

126 3130 198 3173 uam
216 3118 245 3168 et
258 3128 294 3169 ea
313 3113 458 3187 scripsisti,
473 3130 548 3189 quae
562 3111 656 3170 levare
670 3111 778 3170 luctum
793 3120 922 3188 possent,
937 3113 1010 3169 etin
1023 3131 1071 3171 me

127 3207 310 3271 consolando
335 3229 396 3268 non
423 3210 603 3268 mediocrem
627 3209 689 3285 ipse
717 3209 805 3266 animi
834 3208 965 3266 dolorem
989 3211 1072 3268 adhi-

126 3309 223 3367 buisti.
269 3305 384 3366 Servius
411 3318 508 3365 tamen
539 3317 605 3365 tuus
632 3306 768 3365 omnibus
795 3305 905 3377 officiis,
929 3325 1004 3384 quae
1031 3309 1072 3369 illi

127 3406 254 3485 tempori
282 3405 367 3465 tribui
394 3413 558 3483 potuerunt,
583 3403 737 3464 declaravit
761 3413 789 3467 et
813 3405 914 3484 quanti
938 3406 1000 3487 ipse
1022 3426 1071 3468 me

572 3518 622 3563 1²2
