2392 3848
108 222 122 266 .’
203 212 244 266 Μ.
262 174 381 264 Tuum
393 214 581 263 CICERONIS
594 214 650 263 ΕΡ.
666 212 716 260 ΑΒ
728 211 811 262 ΑΤΤ.
827 213 902 260 XIV.
919 217 948 262 2.
989 214 1048 260 221

108 382 328 451 spectaremque
348 371 462 443 sedens,
484 370 583 450 quoad
604 389 730 440 vocarer,
751 370 859 429 dixisse
880 387 956 440 eum,
978 372 1051 442 ‘ego

107 472 238 531 dubitem
252 465 324 548 quin
339 487 454 529 summo
473 471 504 527 in
523 469 592 528 odio
613 470 676 541 sim,
692 487 760 527 cum
779 467 821 526 M.
837 467 940 525 Cicero
955 466 1054 524 sedeat

107 587 162 628 nec
183 586 238 628 suo
260 568 419 626 commodo
440 585 489 625 me
510 567 662 625 convenire
683 566 794 642 possit?
822 565 908 640 atqui,
931 564 955 622 si
976 564 1052 640 quis-

106 686 197 745 quam
212 677 255 726 est
269 666 368 736 facilis,
382 666 429 724 hic
444 676 505 738 est3
528 676 626 723 tamen
640 683 700 724 non
716 665 816 722 dubito
831 665 901 739 quin
915 682 963 720 me
977 661 1052 719 male

106 763 219 826 oderit?
261 764 346 823 Haec
360 775 389 823 et
407 764 471 822 eius
491 764 571 822 modi
585 761 685 821 multa.
729 761 788 820 Sed
802 762 840 820 ad
854 761 1052 837 propositum:

106 863 248 942 quicquid
272 864 334 934 erit,
358 881 419 920 non
443 862 535 921 modo
562 879 711 937 magnum,
736 860 896 919 sedetiam
924 875 1053 935 parvum,

106 963 236 1034 scribes3
259 961 396 1037 equidem
409 960 480 1018 nihil
493 961 687 1021 intermittam.

316 1120 382 1176 106.
425 1115 483 1174 ΑΙ)
504 1115 699 1176 ATTICUM
721 1114 803 1175 XIV.
828 1136 856 1177 2.

172 1232 239 1294 Seu.
261 1251 293 1292 ru
313 1249 485 1291 SUBURBANO
506 1230 603 1289 Maru
624 1251 651 1290 n.
666 1250 694 1290 n.
716 1250 755 1290 vr.
777 1230 847 1290 Inus
867 1229 994 1290 Annuus

493 1347 575 1389 nuc.
600 1342 667 1402 710.

401 1461 504 1503 CICERO
525 1461 631 1502 ATTICO
652 1462 712 1502 SAL.
734 1463 763 1503 D.

154 1579 179 1620 1.
200 1559 285 1619 Duis
299 1577 317 1617 a
330 1567 359 1616 te
374 1558 474 1634 accepi
487 1557 624 1632 epistolas
642 1556 722 1615 heri:
745 1575 781 1615 ex
800 1558 896 1634 priore
910 1557 1054 1616 theatrum

107 1657 324 1732 Publiliumque
345 1656 479 1732 cognovi,
495 1656 574 1713 bona
595 1656 679 1730 signa
701 1656 907 1714 consentientis
928 1656 1055 1713 multitu·

105 1755 203 1828 dinis;
232 1755 351 1832 plausus
372 1771 440 1812 vero
462 1751 495 1811 L.
511 1752 615 1811 Cassio
636 1753 720 1810 datus
742 1753 829 1810 etiam
854 1752 965 1811 facetus
986 1753 1056 1809 mihi

108 1854 231 1930 quidem
248 1853 326 1910 visus
344 1859 397 1909 est.
441 1869 467 1908 2.
488 1851 588 1908 Altera
602 1850 724 1926 epistola
744 1851 780 1908 de
800 1850 925 1908 Madaro
941 1851 1055 1926 scripta,

107 1951 190 2030 apud
211 1968 299 2028 quem
320 1949 431 2007 nullum
451 1951 620 2021 φαλάκρωμα,
642 1959 674 2006 ut
695 1958 796 2024 putas;
818 1948 947 2024 processi
968 1949 1056 2020 enim,

110 2050 165 2110 sed
188 2049 285 2107 minus
310 2047 380 2121 diu;
409 2047 471 2105 eius
496 2064 631 2105 sermone
657 2047 736 2104 enim
761 2065 826 2104 sum
851 2055 986 2105 retentus.
1030 2065 1057 2120 3.

111 2146 205 2220 Quod
225 2155 321 2204 autern
343 2144 381 2202 ad
401 2154 430 2203 te
452 2145 631 2219 scripseram,
647 2144 770 2202 obscure
792 2142 922 2213 fortasse,
944 2143 974 2200 id
996 2143 1057 2202 eius

109 2245 195 2305 modi
216 2253 279 2302 est:
304 2244 399 2301 aiebat
420 2240 577 2300 Caesarem
599 2259 708 2311 seeum,
734 2257 793 2317 quo
817 2250 949 2317 tempore
973 2241 1058 2300 Sestii

110 2351 217 2420 rogatu
237 2342 301 2399 veni
322 2340 360 2399 ad
381 2358 456 2409 eum,
478 2357 545 2397 curn
570 2348 770 2415 exspectarem
794 2338 908 2410 sedens,
930 2340 1057 2400 dixisse:

110 2445 189 2516 ‘ego
202 2457 281 2497 nunc
294 2446 355 2495 tam
369 2438 424 2495 sim
444 2437 553 2506 stultus,
568 2445 601 2494 ut
621 2435 699 2494 hunc
718 2436 815 2511 ipsum
833 2435 948 2495 facilem
962 2437 1057 2496 homi·

111 2555 182 2598 nem
197 2545 296 2612 putem
310 2534 381 2592 mihi
394 2552 458 2593 esse
472 2534 607 2604 amicum,
619 2550 686 2590 cum
700 2542 760 2590 tam
775 2533 824 2591 diu
838 2533 944 2592 sedens
959 2553 1058 2595 meum

112 2634 304 2698 ,commodum
315 2642 464 2709 exspectet
474 2632 497 2691 i'
520 2631 621 2689 Habes
630 2631 715 2706 igitur
726 2633 886 2706 φαλάκρωμα
896 2634 1057 2693 inimicissi-

112 2751 196 2792 mum
210 2733 271 2801 otii,
282 2731 312 2789 id
326 2740 370 2790 est
384 2730 472 2788 Bruti.
508 2749 535 2801 4.
556 2729 593 2787 In
607 2729 810 2787 Tusculanum
823 2729 920 2800 hodie,
936 2729 1056 2790 Lanuvii

113 2848 187 2900 cras,
201 2830 269 2888 inde
283 2827 406 2887 Asturae
421 2828 593 2903 cogitabam.
637 2825 725 2884 Piliae
745 2836 877 2902 paratum
894 2836 938 2887 est
958 2828 1056 2906 hospi·

114 2930 197 2999 tium,
218 2927 270 2985 sed
291 2925 394 2983 vellem
415 2925 556 2997 Atticam;
578 2941 678 2981 verum
699 2923 749 2982 tibi
770 2924 893 3000 ignosco
903 2943 912 2997 ;
934 2943 1056 3000 quarum

113 3022 226 3100 utrique
241 3019 369 3080 salutem.
