2392 3848
55 226 99 289 ap.
111 236 168 287 ινα,
183 209 254 293 ινα]
289 222 402 275 nrrsr.
416 222 466 270 An
479 220 731 273 arrreuruxvr.
750 228 797 275 11.
937 227 1000 294 245

56 391 196 451 superum
214 372 331 444 iaciunt,
350 392 422 450 quas
440 382 537 449 sperat
555 390 623 432 suas
642 391 727 432 esset
749 391 802 432 eae
820 373 1000 450 congiarium

55 473 95 533 ab
108 471 240 530 Antonio
255 472 385 547 accipere
400 471 562 541 noluerunt,
572 480 605 529 ut
618 470 666 529 hic
680 470 798 547 quidem
812 481 916 540 narrat,
931 474 1000 530 etei

55 570 214 629 convitium
239 586 326 643 grave
354 568 484 626 lecerunt
512 569 790 644 contionantemque
817 570 999 644 reliquemnt.

56 667 138 739 Quid
160 667 295 743 quaeris?
323 667 428 724 ducem
453 685 484 724 se
508 665 659 741 profitetur
684 683 739 724 nec
761 683 817 724 nos
840 667 894 724 sibi
919 678 1000 743 putat

55 765 161 825 deesse
184 773 328 840 oportere.
371 762 517 840 Equidem
542 764 629 830 suasi,
649 773 682 821 ut
703 762 830 821 Romam
851 777 1000 841 pergeret;

55 863 170 922 videtur
190 862 268 919 enim
289 860 360 919 mihi
380 871 409 919 et
429 860 611 937 plebeculam
634 861 777 918 urbanam
802 871 840 933 et,
863 863 887 920 si
912 863 1001 922 fidem

55 960 165 1031 feeerit,
181 960 267 1017 etiam
282 959 378 1017 bonos
392 961 469 1017 viros
483 976 583 1016 secum
597 958 754 1017 habiturus.
796 958 825 1018 O
840 960 936 1032 Brute,
950 963 1001 1021 ubi

55 1059 109 1119 es?
132 1065 271 1135 quantam
289 1059 414 1130 εὐκαιρίαν
427 1057 548 1115 amittisl
573 1073 634 1113 non
646 1057 783 1133 equidem
796 1056 853 1115 hoc
868 1058 1000 1132 divinavi,

56 1157 111 1217 sed
130 1154 238 1231 aliquid
258 1153 314 1212 tale
335 1154 431 1230 putavi
453 1153 522 1212 fore.
565 1152 653 1212 Nunc
674 1164 756 1212 tuum
777 1156 929 1215 consilium
951 1177 1002 1216 ex·

55 1255 150 1333 quiro.
193 1252 358 1310 Romamne
379 1252 472 1322 veni0,
493 1269 531 1310 an
552 1250 599 1308 hic
620 1269 736 1320 maneo,
756 1271 794 1310 an
815 1253 1002 1331 Arpinum-

55 1355 206 1427 ἅνφαἋααν
231 1349 317 1407 habet
345 1349 370 1407 is
397 1348 660 1424 locus-fugiam?
703 1349 841 1422 Romam,
866 1371 904 1410 ne
927 1352 1002 1411 desi-

55 1450 200 1519 deremur,
221 1449 245 1506 si
266 1446 336 1523 quid
357 1457 453 1506 actum
473 1447 624 1505 videbitur.
667 1446 737 1506 Hoc
761 1448 847 1524 igitur
871 1451 1001 1527 explica:

55 1564 220 1625 numquam
234 1547 264 1603 in
277 1545 387 1603 maiore
400 1547 493 1619 ἀπορίᾳ
506 1544 554 1602 fui.

257 1703 324 1759 122.
365 1699 422 1758 AD
443 1698 638 1758 ATTICUM
659 1699 741 1760 XVI.
766 1719 812 1759 11.

101 1816 170 1880 Sca.
184 1836 216 1878 m
236 1817 416 1876 Punnonnno
438 1813 532 1874 Noms
552 1812 765 1874 Novnuanmus
786 1834 868 1878 nuc.
893 1830 960 1894 710.

372 1939 475 1981 cronno
495 1939 601 1980 runco
622 1939 684 1980 sni.

101 2059 128 2100 1.
149 2037 245 2099 Norus
268 2036 368 2113 accepi
388 2055 406 2094 a
427 2045 455 2093 te
476 2034 548 2093 duas
570 2034 716 2110 epistolas,
739 2055 862 2112 quarum
884 2039 1002 2100 alteram

56 2137 124 2197 Kal
142 2137 273 2204 dederas,
290 2134 407 2192 alteram
429 2133 536 2207 pridie:
558 2132 645 2208 igitur
662 2134 741 2209 prius
759 2135 797 2192 ad
816 2138 1001 2211 superiorem.

56 2236 201 2297 Nostrum
215 2249 291 2308 opus
305 2231 356 2288 tibi
369 2231 485 2306 probari
502 2230 602 2301 laetor,
616 2249 653 2288 ex
673 2249 732 2306 quo
751 2234 813 2302 ἄνθη
832 2235 896 2309 ipsa
913 2255 1003 2312 posu·

57 2335 113 2406 isti,
128 2349 204 2409 quae
224 2329 294 2387 mihi
315 2328 481 2386 florentiore
502 2336 569 2385 sunt
588 2329 650 2385 visa
670 2338 721 2386 tuo
746 2330 869 2403 iudicio;
892 2335 1003 2394 cerulas

58 2431 137 2491 enim
153 2440 217 2487 tuas
231 2427 364 2484 miniates
379 2426 440 2483 illas
454 2426 689 2484 extimescebam.
731 2425 777 2484 De
794 2427 876 2487 Sicca
893 2431 932 2488 ita
950 2444 1002 2504 est,

57 2540 90 2589 ut
104 2527 206 2587 scribis
214 2545 223 2598 ;
238 2529 257 2595 †
271 2534 334 2582 asta
348 2543 383 2582 ea
397 2541 483 2598 aegre
497 2540 545 2580 me
559 2524 647 2580 tenui.
690 2523 792 2599 Itaque
811 2529 1003 2605 perstringam

58 2629 122 2689 sine
151 2624 209 2682 ulla
236 2622 410 2682 contumelia
440 2620 540 2678 Siccae
568 2629 617 2677 aut
646 2619 811 2695 Septimiae,
833 2633 943 2684 tantum
971 2639 1004 2687 ut

58 2724 153 2783 sciam
174 2723 262 2779 naides
285 2723 390 2784 παίδων,
413 2720 475 2778 sine
499 2719 574 2777 vallo
599 2717 759 2789 Lucilian0,
781 2739 848 2777 eum
869 2740 905 2778 ex
927 2723 1003 2783 Galli

58 2821 144 2881 Fadii
165 2819 224 2877 filia
251 2818 357 2875 liberos
384 2816 527 2874 habuisse.
570 2816 667 2891 Atque
692 2818 803 2876 utinam
830 2837 897 2876 eum
926 2821 1003 2879 diem

57 2919 183 2988 videam,
204 2933 272 2974 cum
296 2916 350 2973 ista
374 2915 466 2973 oratio
491 2915 531 2972 ita
554 2914 643 2972 libere
663 2925 790 2990 vagetur,
812 2922 844 2972 ut
863 2917 950 2974 etiam
972 2919 1003 2976 in

59 3017 162 3079 Siccae
178 3015 299 3074 domurn
315 3014 452 3073 introeatl
476 3013 526 3072 sed
544 3012 591 3070 illo
611 3022 742 3089 tempore
761 3032 836 3088 opus
856 3025 908 3085 est,
923 3018 1004 3090 quod

59 3116 112 3175 fuit
137 3114 192 3172 illis
215 3131 257 3171 111.
279 3113 353 3170 viris.
396 3111 514 3182 Moriar,
536 3111 592 3169 nisi
615 3110 723 3169 sacetel
767 3111 814 3170 Tu
836 3131 903 3171 vero
923 3115 1004 3189 leges

61 3212 152 3274 Sexto
174 3210 292 3285 eiusque
313 3209 450 3267 iudicium
470 3208 541 3265 mihi
561 3210 730 3284 perscribes.
770 3208 814 3268 Εἶα
834 3213 890 3282 ἐμοὶ
910 3211 1003 3286 μύριαι.

60 3309 163 3371 Caleni
176 3308 367 3366 interventum
382 3317 411 3365 et
426 3306 571 3366 Calvenae
585 3308 709 3366 cavebis.
753 3327 778 3366 2.
795 3307 884 3378 Quod
897 3310 1004 3368 vereris

59 3428 98 3469 ne
123 3409 269 3480 ἇδαλεαχαν
295 3405 365 3464 mihi
393 3416 432 3476 tu,
455 3405 518 3482 quis
546 3404 663 3464 minus?
685 3405 740 3478 cui,
761 3416 793 3464 ut
816 3405 1004 3483 Aristophani
