2392 3848
121 218 165 281 xp.
184 201 251 286 ω]
311 213 425 266 aaron.
448 213 498 262 nu
518 214 742 263 rrummnxu
763 214 797 264 x.
820 219 873 285 30.
1002 200 1066 286 2⁶3

121 366 215 426 aciem
238 383 306 424 suas
330 365 430 440 copias
452 365 488 423 de
513 365 577 424 vico
598 365 736 441 produxit
757 375 785 424 et
806 367 869 424 sine
890 383 974 425 mora
996 383 1066 424 con-

119 465 217 523 currit
257 462 355 520 Primo
376 463 416 520 ita
433 471 596 537 pugnatum
610 471 661 531 est,
676 472 709 520 ut
723 462 817 521 acrius
836 481 897 522 non
915 473 1015 539 posset
1030 481 1068 521 ex

122 572 244 638 utraque
264 569 345 635 parte
363 560 505 634 pugnari;
528 559 580 616 etsi
600 559 745 618 dexterius
763 578 864 631 cornu,
879 561 910 618 in
929 579 988 637 quo
1010 579 1067 637 ego

123 677 202 718 eram
216 675 285 716 cum
299 655 421 714 Martiae
436 655 558 730 legionis
572 655 741 717 cohortibus
755 666 832 727 octo,
847 658 957 733 impetu
971 657 1066 734 primo

124 755 271 832 fugaverat
291 755 437 830 legionem
459 773 542 811 xxxv.
565 753 696 823 Antonii,
721 763 753 811 ut
775 754 900 830 amplius
924 772 1029 831 passus
1052 752 1067 786 *

125 855 197 912 ultra
217 854 309 912 aciem
325 848 399 930 [quo
420 853 485 910 loco
507 848 639 931 steterat]
654 852 835 926 processerit.
878 852 981 927 Itaque
1002 871 1070 910 cum

122 952 235 1027 equites
262 960 393 1010 nostrum
421 967 513 1008 eomu
540 948 690 1007 circumire
718 948 830 1019 vellent,
859 949 986 1024 recipere
1019 968 1068 1008 me

123 1046 210 1121 coepi
221 1054 252 1103 et
270 1044 362 1102 levem
377 1053 550 1101 armaturam
564 1060 715 1118 opponere
731 1042 901 1101 Maurorum
915 1043 1070 1118 equitibus,

125 1161 164 1201 ne
177 1159 293 1199 aversos
307 1149 422 1198 nostros
437 1138 670 1214 adgrederentur.
712 1138 832 1197 Interim
843 1139 928 1197 video
942 1158 990 1197 me
1005 1158 1070 1199 esse

127 1242 200 1298 inter
220 1238 404 1296 Antonianos
426 1236 645 1311 Antoniumque
666 1247 733 1311 post
759 1255 807 1295 me
826 1254 892 1295 esse
913 1237 1070 1314 aliquanto.

128 1338 261 1413 Repente
280 1352 388 1410 equum
409 1332 515 1390 immisi
537 1333 655 1390 adeam
675 1334 821 1409 legionem
842 1335 979 1405 tironum,
994 1353 1071 1411 quae

124 1434 259 1494 veniebat
273 1450 310 1490 ex
325 1431 434 1498 castris,
450 1439 532 1487 scuto
547 1430 662 1488 reiecto.
704 1431 863 1490 Antoniani
878 1450 925 1489 me
940 1433 1070 1508 insequi;

127 1531 218 1592 nostri
234 1529 293 1606 pila
306 1528 449 1586 coniicere
468 1525 557 1584 velle:
578 1526 618 1584 ita
639 1529 739 1586 nescio
760 1546 820 1604 quo
841 1528 901 1587 sato
923 1547 988 1587 sum
1011 1548 1071 1588 ser·

127 1641 218 1699 vatim,
244 1625 325 1702 quod
354 1643 419 1683 sum
446 1625 504 1682 cito
529 1642 547 1680 a
575 1626 680 1683 nostris
706 1627 851 1700 cognitus.
895 1647 922 1698 4.
944 1627 980 1684 In
1007 1627 1071 1702 ipsa

126 1724 259 1794 Aemilia,
280 1723 330 1780 ubi
351 1721 457 1779 cohors
479 1719 612 1778 Caesaris
633 1723 778 1797 praetoria
798 1733 867 1792 erat,
890 1723 940 1781 diu
959 1742 1071 1799 pugna·

124 1835 189 1883 tum
217 1831 269 1880 est.
310 1819 411 1878 Cornu
446 1820 611 1889 sinisterius,
640 1820 721 1896 qnod
748 1831 810 1878 erat
844 1821 992 1893 infirmius
1021 1823 1071 1880 uhi

125 1919 250 1981 Martiae
264 1918 386 1993 legionis
402 1917 475 1975 duae
497 1917 632 1975 cohortes
650 1927 733 1976 erant
751 1927 780 1976 et
799 1919 904 1977 cohors
920 1921 1070 1994 praetoria,

127 2017 234 2095 pedem
248 2015 353 2074 referre
368 2028 534 2091 coeperunt,
547 2015 629 2091 quod
646 2016 684 2072 ab
698 2017 827 2091 equitatu
841 2017 1071 2087 circumibantur‚

123 2133 188 2193 quo
200 2115 246 2172 vel
263 2113 418 2190 plurimum
438 2112 512 2170 valet
526 2115 680 2171 Antonius.
723 2112 799 2172 Cum
820 2132 924 2173 omnes
943 2133 974 2173 se
992 2134 1071 2174 rece-

125 2215 238 2292 pissent
258 2210 349 2268 nostri
370 2210 495 2280 ordines,
511 2212 638 2286 recipere
660 2229 708 2269 me
728 2212 904 2270 novissimus
927 2214 1011 2288 coepi
1033 2213 1070 2271 ad

123 2319 237 2379 castra;
273 2308 418 2366 Antonius
437 2317 586 2382 tamquam
601 2309 690 2366 victor
704 2319 798 2366 castra
813 2310 922 2384 putavit
936 2328 967 2368 se
983 2328 1071 2386 posse

123 2425 248 2485 capere:
278 2423 337 2481 quo
362 2423 430 2462 cum
449 2406 534 2473 venit,
559 2406 723 2480 complures
749 2407 787 2463 ihi
813 2407 907 2465 amisit
932 2427 986 2466 nec
1011 2409 1072 2482 egit

123 2508 292 2584 quicquam.
333 2502 441 2559 Audita
459 2521 490 2560 re
511 2502 621 2560 Hirtius
637 2523 705 2561 cum
725 2505 895 2564 cohortibus
916 2525 963 2564 xx.
980 2517 1071 2563 veter·

124 2605 190 2664 anis
199 2601 329 2660 redeunti
341 2601 471 2657 Antonio
485 2601 515 2657 in
530 2619 582 2658 sua
597 2611 691 2658 castra
700 2603 825 2661 occurrit
840 2605 1000 2680 copiasque
1009 2605 1071 2662 eius

123 2718 230 2760 omnes
244 2698 347 2756 delevit
361 2697 526 2772 fugavitque
540 2697 648 2755 eodem
662 2699 737 2768 loco,
753 2701 804 2758 ubi
824 2712 886 2759 erat
900 2710 1070 2776 pugnatum,

125 2798 165 2858 ad
178 2796 286 2856 Forum
300 2794 470 2864 Gallorum;
492 2794 639 2851 Antonius
654 2813 721 2853 cum
736 2798 879 2872 equitibus
892 2796 964 2854 hora
978 2797 1071 2854 noctis

123 2903 228 2972 quarta
247 2910 279 2950 se
299 2892 329 2948 in
346 2904 440 2950 castra
459 2910 511 2950 sua
530 2891 567 2948 ad
583 2891 727 2950 Mutinam
747 2894 855 2969 recepit
866 2914 874 2966 ;
910 2909 938 2967 5.
959 2893 1072 2952 Hirtius

124 2994 157 3052 in
171 3009 207 3050 ea
220 3000 314 3049 castra
328 2991 418 3060 rediit,
434 2990 512 3049 unde
530 2990 626 3048 Pansa
645 2992 760 3062 exierat,
776 2993 826 3050 ubi
847 2992 920 3050 duas
941 2992 1071 3067 legiones

125 3089 287 3164 reliquerat,
299 3106 373 3163 quae
384 3088 422 3144 ab
434 3088 563 3145 Antonio
575 3099 656 3145 erant
665 3101 863 3166 oppugnatae.
901 3089 949 3147 Sic
959 3099 1071 3164 partem

125 3187 268 3246 maiorem
285 3204 401 3244 suarum
415 3185 566 3261 copiarum
581 3185 726 3244 Antonius
744 3187 840 3244 amisit
854 3196 1070 3257 veteranarum;

125 3304 182 3346 nec
209 3284 239 3342 id
267 3294 365 3342 tamen
396 3285 457 3341 sine
483 3284 579 3360 aliqua
606 3286 715 3342 iactura
742 3284 905 3343 cohortium
933 3287 1070 3363 praetori·

123 3400 209 3443 arum
223 3390 386 3441 nostrarum
405 3389 433 3439 et
452 3381 575 3458 legionis
593 3380 715 3441 Martiae
730 3382 790 3441 fieri
803 3383 906 3461 potuit.
948 3384 1070 3462 Aquilae
