<?xml version="1.0" encoding="UTF-8"?>
<!DOCTYPE html PUBLIC "-//W3C//DTD XHTML 1.0 Transitional//EN"
    "http://www.w3.org/TR/xhtml1/DTD/xhtml1-transitional.dtd">
<html xmlns="http://www.w3.org/1999/xhtml" xml:lang="en" lang="en">
 <head>
  <title>
</title>
<meta http-equiv="Content-Type" content="text/html;charset=utf-8" />
  <meta name='ocr-system' content='tesseract 3.04.00' />
  <meta name='ocr-capabilities' content='ocr_page ocr_carea ocr_par ocr_line ocrx_word'/>
</head>
<body>
  <div class='ocr_page' id='page_1' title='image "./epistolaeselect00cicegoog/epistolaeselect00cicegoog_0238.png"; bbox 0 0 2498 3840; ppageno 0'>
   <div class='ocr_carea' id='block_1_1' title="bbox 148 100 1132 186">
    <p class='ocr_par' dir='ltr' id='par_1_1' title="bbox 148 100 1132 186">
     <span class='ocr_line' id='line_1_1' title="bbox 148 100 1132 186; baseline -0.003 -24"><span class='ocrx_word' id='word_1_1' title='bbox 148 115 209 164; x_wconf 82' lang='lat'>222</span> <span class='ocrx_word' id='word_1_2' title='bbox 410 112 449 163; x_wconf 80' lang='lat' dir='ltr'>u.</span> <span class='ocrx_word' id='word_1_3' title='bbox 475 112 593 162; x_wconf 72' lang='lat' dir='ltr'>aaran</span> <span class='ocrx_word' id='word_1_4' title='bbox 614 114 805 164; x_wconf 78' lang='lat' dir='ltr'>orennomr</span> <span class='ocrx_word' id='word_1_5' title='bbox 976 100 1043 186; x_wconf 66' lang='lat' dir='ltr'>[aaa</span> <span class='ocrx_word' id='word_1_6' title='bbox 1073 109 1132 159; x_wconf 71' lang='lat' dir='ltr'>v.</span> 
     </span>
    </p>
   </div>
   <div class='ocr_carea' id='block_1_2' title="bbox 333 340 900 403">
    <p class='ocr_par' dir='ltr' id='par_1_2' title="bbox 333 340 900 403">
     <span class='ocr_line' id='line_1_2' title="bbox 333 340 900 403; baseline 0.005 -3"><span class='ocrx_word' id='word_1_7' title='bbox 333 345 399 402; x_wconf 83' lang='lat'>107.</span> <span class='ocrx_word' id='word_1_8' title='bbox 439 340 496 399; x_wconf 89' lang='lat' dir='ltr'>AD</span> <span class='ocrx_word' id='word_1_9' title='bbox 517 340 773 401; x_wconf 88' lang='lat' dir='ltr'><strong>FAMILIARES</strong></span> <span class='ocrx_word' id='word_1_10' title='bbox 795 341 847 401; x_wconf 91' lang='lat' dir='ltr'>XI.</span> <span class='ocrx_word' id='word_1_11' title='bbox 875 360 900 403; x_wconf 90' lang='lat'>1.</span> 
     </span>
    </p>
   </div>
   <div class='ocr_carea' id='block_1_3' title="bbox 307 455 921 621">
    <p class='ocr_par' dir='ltr' id='par_1_3' title="bbox 307 455 921 621">
     <span class='ocr_line' id='line_1_3' title="bbox 363 455 871 531; baseline 0.004 -17"><span class='ocrx_word' id='word_1_12' title='bbox 363 455 428 515; x_wconf 78' lang='lat' dir='ltr'>Sere.</span> <span class='ocrx_word' id='word_1_13' title='bbox 449 474 544 515; x_wconf 77' lang='lat' dir='ltr'>neustr</span> <span class='ocrx_word' id='word_1_14' title='bbox 564 455 670 514; x_wconf 76' lang='lat' dir='ltr'>Aram</span> <span class='ocrx_word' id='word_1_15' title='bbox 691 475 777 518; x_wconf 69' lang='lat' dir='ltr'>nuc.</span> <span class='ocrx_word' id='word_1_16' title='bbox 801 470 871 531; x_wconf 82' lang='lat'>710.</span> 
     </span>
     <span class='ocr_line' id='line_1_4' title="bbox 307 578 921 621; baseline -0.002 -1"><span class='ocrx_word' id='word_1_17' title='bbox 307 578 335 620; x_wconf 82' lang='lat' dir='ltr'>o.</span> <span class='ocrx_word' id='word_1_18' title='bbox 357 578 469 619; x_wconf 77' lang='lat' dir='ltr'>rnurus</span> <span class='ocrx_word' id='word_1_19' title='bbox 490 579 586 620; x_wconf 80' lang='lat' dir='ltr'>snuro</span> <span class='ocrx_word' id='word_1_20' title='bbox 607 578 661 620; x_wconf 90' lang='lat' dir='ltr'>suo</span> <span class='ocrx_word' id='word_1_21' title='bbox 681 579 720 621; x_wconf 77' lang='lat' dir='ltr'>ur</span> <span class='ocrx_word' id='word_1_22' title='bbox 741 579 837 621; x_wconf 71' lang='lat' dir='ltr'>crss10</span> <span class='ocrx_word' id='word_1_23' title='bbox 858 579 921 621; x_wconf 74' lang='lat' dir='ltr'>sar..</span> 
     </span>
    </p>
   </div>
   <div class='ocr_carea' id='block_1_4' title="bbox 147 665 1126 3391">
    <p class='ocr_par' dir='ltr' id='par_1_4' title="bbox 147 665 1126 3391">
     <span class='ocr_line' id='line_1_5' title="bbox 191 665 1126 753; baseline 0.001 -21"><span class='ocrx_word' id='word_1_24' title='bbox 191 692 215 732; x_wconf 92' lang='lat'>1.</span> <span class='ocrx_word' id='word_1_25' title='bbox 239 673 308 746; x_wconf 88' lang='lat' dir='ltr'>Quo</span> <span class='ocrx_word' id='word_1_26' title='bbox 328 674 358 731; x_wconf 94' lang='lat' dir='ltr'>in</span> <span class='ocrx_word' id='word_1_27' title='bbox 377 682 452 732; x_wconf 93' lang='lat' dir='ltr'>statu</span> <span class='ocrx_word' id='word_1_28' title='bbox 471 676 569 746; x_wconf 90' lang='lat' dir='ltr'>simus,</span> <span class='ocrx_word' id='word_1_29' title='bbox 592 674 780 751; x_wconf 76' lang='lat' dir='ltr'>cognoscite:</span> <span class='ocrx_word' id='word_1_30' title='bbox 802 675 863 733; x_wconf 89' lang='lat' dir='ltr'>heri</span> <span class='ocrx_word' id='word_1_31' title='bbox 885 674 999 751; x_wconf 88' lang='lat' dir='ltr'>vesperi</span> <span class='ocrx_word' id='word_1_32' title='bbox 1013 665 1126 753; x_wconf 83' lang='lat' dir='ltr'>apud</span> 
     </span>
     <span class='ocr_line' id='line_1_6' title="bbox 147 770 1112 848; baseline 0.002 -21"><span class='ocrx_word' id='word_1_33' title='bbox 147 787 194 828; x_wconf 90' lang='lat' dir='ltr'>me</span> <span class='ocrx_word' id='word_1_34' title='bbox 210 770 321 828; x_wconf 90' lang='lat' dir='ltr'>Hirtius</span> <span class='ocrx_word' id='word_1_35' title='bbox 335 770 402 842; x_wconf 85' lang='lat' dir='ltr'>luit;</span> <span class='ocrx_word' id='word_1_36' title='bbox 424 789 482 848; x_wconf 90' lang='lat' dir='ltr'>qua</span> <span class='ocrx_word' id='word_1_37' title='bbox 495 780 593 830; x_wconf 90' lang='lat' dir='ltr'>mente</span> <span class='ocrx_word' id='word_1_38' title='bbox 607 781 685 830; x_wconf 91' lang='lat' dir='ltr'>esset</span> <span class='ocrx_word' id='word_1_39' title='bbox 703 771 858 842; x_wconf 73' lang='lat' dir='ltr'>Antonius</span> <span class='ocrx_word' id='word_1_40' title='bbox 873 771 1112 839; x_wconf 82' lang='lat' dir='ltr'>demonstravit,</span> 
     </span>
     <span class='ocr_line' id='line_1_7' title="bbox 147 864 1106 945; baseline 0.001 -20"><span class='ocrx_word' id='word_1_41' title='bbox 147 868 274 944; x_wconf 89' lang='lat' dir='ltr'>pessima</span> <span class='ocrx_word' id='word_1_42' title='bbox 296 868 402 926; x_wconf 90' lang='lat' dir='ltr'>seilicet</span> <span class='ocrx_word' id='word_1_43' title='bbox 426 877 455 926; x_wconf 92' lang='lat' dir='ltr'>et</span> <span class='ocrx_word' id='word_1_44' title='bbox 481 869 684 927; x_wconf 90' lang='lat' dir='ltr'>infidelissima</span> <span class='ocrx_word' id='word_1_45' title='bbox 728 867 806 927; x_wconf 92' lang='lat' dir='ltr'>Nam</span> <span class='ocrx_word' id='word_1_46' title='bbox 835 885 867 926; x_wconf 91' lang='lat' dir='ltr'>se</span> <span class='ocrx_word' id='word_1_47' title='bbox 896 886 993 945; x_wconf 88' lang='lat' dir='ltr'>neque</span> <span class='ocrx_word' id='word_1_48' title='bbox 1021 864 1106 928; x_wconf 90' lang='lat' dir='ltr'>mihi</span> 
     </span>
     <span class='ocr_line' id='line_1_8' title="bbox 147 967 1095 1044; baseline 0.004 -21"><span class='ocrx_word' id='word_1_49' title='bbox 147 967 324 1042; x_wconf 90' lang='lat' dir='ltr'>provinciam</span> <span class='ocrx_word' id='word_1_50' title='bbox 339 967 407 1025; x_wconf 91' lang='lat' dir='ltr'>dare</span> <span class='ocrx_word' id='word_1_51' title='bbox 421 985 509 1043; x_wconf 92' lang='lat' dir='ltr'>posse</span> <span class='ocrx_word' id='word_1_52' title='bbox 524 968 618 1025; x_wconf 90' lang='lat' dir='ltr'>aiebat</span> <span class='ocrx_word' id='word_1_53' title='bbox 632 986 727 1044; x_wconf 92' lang='lat' dir='ltr'>neque</span> <span class='ocrx_word' id='word_1_54' title='bbox 741 968 870 1026; x_wconf 89' lang='lat' dir='ltr'>arbitrari</span> <span class='ocrx_word' id='word_1_55' title='bbox 891 977 955 1027; x_wconf 91' lang='lat' dir='ltr'>tuto</span> <span class='ocrx_word' id='word_1_56' title='bbox 976 969 1007 1028; x_wconf 90' lang='lat' dir='ltr'>in</span> <span class='ocrx_word' id='word_1_57' title='bbox 1022 971 1095 1027; x_wconf 83' lang='lat' dir='ltr'>urbe</span> 
     </span>
     <span class='ocr_line' id='line_1_9' title="bbox 148 1066 1090 1142; baseline 0.002 -18"><span class='ocrx_word' id='word_1_58' title='bbox 148 1084 211 1124; x_wconf 87' lang='lat' dir='ltr'>esse</span> <span class='ocrx_word' id='word_1_59' title='bbox 233 1084 411 1142; x_wconf 90' lang='lat' dir='ltr'>quemquam</span> <span class='ocrx_word' id='word_1_60' title='bbox 432 1078 581 1138; x_wconf 92' lang='lat' dir='ltr'>nostrum;</span> <span class='ocrx_word' id='word_1_61' title='bbox 605 1066 680 1124; x_wconf 90' lang='lat' dir='ltr'>adeo</span> <span class='ocrx_word' id='word_1_62' title='bbox 701 1085 766 1125; x_wconf 90' lang='lat' dir='ltr'>esse</span> <span class='ocrx_word' id='word_1_63' title='bbox 786 1066 909 1124; x_wconf 89' lang='lat' dir='ltr'>militum</span> <span class='ocrx_word' id='word_1_64' title='bbox 930 1068 1090 1126; x_wconf 88' lang='lat' dir='ltr'>concitatos</span> 
     </span>
     <span class='ocr_line' id='line_1_10' title="bbox 148 1161 1087 1241; baseline 0.001 -19"><span class='ocrx_word' id='word_1_65' title='bbox 148 1164 262 1222; x_wconf 92' lang='lat' dir='ltr'>animos</span> <span class='ocrx_word' id='word_1_66' title='bbox 283 1172 312 1221; x_wconf 90' lang='lat' dir='ltr'>et</span> <span class='ocrx_word' id='word_1_67' title='bbox 332 1161 439 1238; x_wconf 93' lang='lat' dir='ltr'>plebis:</span> <span class='ocrx_word' id='word_1_68' title='bbox 461 1163 541 1239; x_wconf 90' lang='lat' dir='ltr'>quod</span> <span class='ocrx_word' id='word_1_69' title='bbox 562 1173 717 1238; x_wconf 91' lang='lat' dir='ltr'>utrumque</span> <span class='ocrx_word' id='word_1_70' title='bbox 736 1181 800 1222; x_wconf 86' lang='lat' dir='ltr'>esse</span> <span class='ocrx_word' id='word_1_71' title='bbox 820 1162 925 1221; x_wconf 86' lang='lat' dir='ltr'>falsum</span> <span class='ocrx_word' id='word_1_72' title='bbox 946 1173 1020 1241; x_wconf 90' lang='lat' dir='ltr'>puto</span> <span class='ocrx_word' id='word_1_73' title='bbox 1040 1181 1087 1224; x_wconf 86' lang='lat' dir='ltr'>vos</span> 
     </span>
     <span class='ocr_line' id='line_1_11' title="bbox 148 1259 1086 1338; baseline 0.003 -21"><span class='ocrx_word' id='word_1_74' title='bbox 148 1260 374 1318; x_wconf 90' lang='lat' dir='ltr'>animadvertere</span> <span class='ocrx_word' id='word_1_75' title='bbox 409 1269 496 1335; x_wconf 90' lang='lat' dir='ltr'>atque</span> <span class='ocrx_word' id='word_1_76' title='bbox 530 1259 600 1318; x_wconf 91' lang='lat' dir='ltr'>illud</span> <span class='ocrx_word' id='word_1_77' title='bbox 627 1279 692 1319; x_wconf 90' lang='lat' dir='ltr'>esse</span> <span class='ocrx_word' id='word_1_78' title='bbox 726 1278 834 1330; x_wconf 86' lang='lat' dir='ltr'>verum,</span> <span class='ocrx_word' id='word_1_79' title='bbox 864 1261 946 1338; x_wconf 93' lang='lat' dir='ltr'>quod</span> <span class='ocrx_word' id='word_1_80' title='bbox 979 1260 1086 1320; x_wconf 87' lang='lat' dir='ltr'>Hirtius</span> 
     </span>
     <span class='ocr_line' id='line_1_12' title="bbox 148 1356 1088 1437; baseline 0.004 -23"><span class='ocrx_word' id='word_1_81' title='bbox 148 1357 372 1426; x_wconf 83' lang='lat' dir='ltr'>demonstrabat,</span> <span class='ocrx_word' id='word_1_82' title='bbox 386 1356 487 1415; x_wconf 90' lang='lat' dir='ltr'>timere</span> <span class='ocrx_word' id='word_1_83' title='bbox 506 1376 573 1415; x_wconf 90' lang='lat' dir='ltr'>eum</span> <span class='ocrx_word' id='word_1_84' title='bbox 594 1377 639 1429; x_wconf 92' lang='lat' dir='ltr'>ne,</span> <span class='ocrx_word' id='word_1_85' title='bbox 655 1359 679 1416; x_wconf 94' lang='lat' dir='ltr'>si</span> <span class='ocrx_word' id='word_1_86' title='bbox 699 1359 847 1417; x_wconf 87' lang='lat' dir='ltr'>mediocre</span> <span class='ocrx_word' id='word_1_87' title='bbox 868 1359 1008 1418; x_wconf 83' lang='lat' dir='ltr'>auxilium</span> <span class='ocrx_word' id='word_1_88' title='bbox 1029 1359 1088 1437; x_wconf 81' lang='lat' dir='ltr'>dig·</span> 
     </span>
     <span class='ocr_line' id='line_1_13' title="bbox 148 1453 1089 1533; baseline 0.004 -21"><span class='ocrx_word' id='word_1_89' title='bbox 148 1455 243 1512; x_wconf 86' lang='lat' dir='ltr'>nitatis</span> <span class='ocrx_word' id='word_1_90' title='bbox 258 1465 373 1512; x_wconf 90' lang='lat' dir='ltr'>nostrae</span> <span class='ocrx_word' id='word_1_91' title='bbox 387 1453 596 1526; x_wconf 85' lang='lat' dir='ltr'>habuissemus,</span> <span class='ocrx_word' id='word_1_92' title='bbox 612 1457 706 1514; x_wconf 90' lang='lat' dir='ltr'>nullae</span> <span class='ocrx_word' id='word_1_93' title='bbox 720 1466 816 1531; x_wconf 90' lang='lat' dir='ltr'>partes</span> <span class='ocrx_word' id='word_1_94' title='bbox 831 1455 875 1514; x_wconf 91' lang='lat' dir='ltr'>his</span> <span class='ocrx_word' id='word_1_95' title='bbox 885 1456 915 1513; x_wconf 91' lang='lat' dir='ltr'>in</span> <span class='ocrx_word' id='word_1_96' title='bbox 929 1474 962 1515; x_wconf 91' lang='lat' dir='ltr'>re</span> <span class='ocrx_word' id='word_1_97' title='bbox 976 1457 1089 1533; x_wconf 85' lang='lat' dir='ltr'>publica</span> 
     </span>
     <span class='ocr_line' id='line_1_14' title="bbox 149 1550 1091 1632; baseline 0.005 -22"><span class='ocrx_word' id='word_1_98' title='bbox 149 1552 384 1628; x_wconf 85' lang='lat' dir='ltr'>relinquerentur.</span> <span class='ocrx_word' id='word_1_99' title='bbox 430 1571 454 1610; x_wconf 82' lang='lat' dir='ltr'>a.</span> <span class='ocrx_word' id='word_1_100' title='bbox 478 1550 555 1611; x_wconf 90' lang='lat' dir='ltr'>Cum</span> <span class='ocrx_word' id='word_1_101' title='bbox 576 1554 605 1610; x_wconf 93' lang='lat' dir='ltr'>in</span> <span class='ocrx_word' id='word_1_102' title='bbox 627 1553 671 1611; x_wconf 92' lang='lat' dir='ltr'>his</span> <span class='ocrx_word' id='word_1_103' title='bbox 691 1554 832 1628; x_wconf 87' lang='lat' dir='ltr'>angustiis</span> <span class='ocrx_word' id='word_1_104' title='bbox 853 1572 989 1627; x_wconf 86' lang='lat' dir='ltr'>versarer,</span> <span class='ocrx_word' id='word_1_105' title='bbox 1004 1555 1091 1632; x_wconf 83' lang='lat' dir='ltr'>placi·</span> 
     </span>
     <span class='ocr_line' id='line_1_15' title="bbox 149 1649 1092 1729; baseline 0.003 -21"><span class='ocrx_word' id='word_1_106' title='bbox 149 1661 211 1708; x_wconf 90' lang='lat' dir='ltr'>tum</span> <span class='ocrx_word' id='word_1_107' title='bbox 226 1660 269 1708; x_wconf 92' lang='lat' dir='ltr'>est</span> <span class='ocrx_word' id='word_1_108' title='bbox 282 1649 352 1707; x_wconf 91' lang='lat' dir='ltr'>mihi</span> <span class='ocrx_word' id='word_1_109' title='bbox 365 1661 398 1710; x_wconf 94' lang='lat' dir='ltr'>ut</span> <span class='ocrx_word' id='word_1_110' title='bbox 412 1650 590 1729; x_wconf 87' lang='lat' dir='ltr'>postularem</span> <span class='ocrx_word' id='word_1_111' title='bbox 610 1651 787 1726; x_wconf 85' lang='lat' dir='ltr'>legationem</span> <span class='ocrx_word' id='word_1_112' title='bbox 808 1651 927 1709; x_wconf 89' lang='lat' dir='ltr'>liberam</span> <span class='ocrx_word' id='word_1_113' title='bbox 942 1651 1014 1711; x_wconf 91' lang='lat' dir='ltr'>mihi</span> <span class='ocrx_word' id='word_1_114' title='bbox 1028 1654 1092 1711; x_wconf 91' lang='lat' dir='ltr'>reli·</span> 
     </span>
     <span class='ocr_line' id='line_1_16' title="bbox 150 1748 1094 1825; baseline 0.004 -19"><span class='ocrx_word' id='word_1_115' title='bbox 150 1749 271 1825; x_wconf 89' lang='lat' dir='ltr'>quisque</span> <span class='ocrx_word' id='word_1_116' title='bbox 299 1749 412 1820; x_wconf 91' lang='lat' dir='ltr'>nostris,</span> <span class='ocrx_word' id='word_1_117' title='bbox 441 1758 474 1806; x_wconf 91' lang='lat' dir='ltr'>ut</span> <span class='ocrx_word' id='word_1_118' title='bbox 501 1748 597 1823; x_wconf 87' lang='lat' dir='ltr'>aliqua</span> <span class='ocrx_word' id='word_1_119' title='bbox 624 1766 711 1807; x_wconf 89' lang='lat' dir='ltr'>causa</span> <span class='ocrx_word' id='word_1_120' title='bbox 739 1749 941 1824; x_wconf 88' lang='lat' dir='ltr'>proficiscendi</span> <span class='ocrx_word' id='word_1_121' title='bbox 969 1749 1094 1810; x_wconf 83' lang='lat' dir='ltr'>honesta</span> 
     </span>
     <span class='ocr_line' id='line_1_17' title="bbox 150 1847 1094 1923; baseline 0.004 -19"><span class='ocrx_word' id='word_1_122' title='bbox 150 1857 341 1923; x_wconf 89' lang='lat' dir='ltr'>quaereretur.</span> <span class='ocrx_word' id='word_1_123' title='bbox 384 1847 471 1906; x_wconf 91' lang='lat' dir='ltr'>Hanc</span> <span class='ocrx_word' id='word_1_124' title='bbox 496 1865 527 1905; x_wconf 90' lang='lat' dir='ltr'>se</span> <span class='ocrx_word' id='word_1_125' title='bbox 552 1847 770 1922; x_wconf 88' lang='lat' dir='ltr'>impetraturum</span> <span class='ocrx_word' id='word_1_126' title='bbox 792 1847 937 1922; x_wconf 91' lang='lat' dir='ltr'>pollicitus</span> <span class='ocrx_word' id='word_1_127' title='bbox 959 1857 1012 1920; x_wconf 93' lang='lat' dir='ltr'>est,</span> <span class='ocrx_word' id='word_1_128' title='bbox 1038 1867 1094 1908; x_wconf 88' lang='lat' dir='ltr'>nec</span> 
     </span>
     <span class='ocr_line' id='line_1_18' title="bbox 151 1944 1094 2020; baseline 0.003 -18"><span class='ocrx_word' id='word_1_129' title='bbox 151 1956 248 2002; x_wconf 89' lang='lat' dir='ltr'>tamen</span> <span class='ocrx_word' id='word_1_130' title='bbox 272 1944 490 2020; x_wconf 87' lang='lat' dir='ltr'>impetraturum</span> <span class='ocrx_word' id='word_1_131' title='bbox 511 1944 648 2002; x_wconf 90' lang='lat' dir='ltr'>confido:</span> <span class='ocrx_word' id='word_1_132' title='bbox 675 1952 755 2002; x_wconf 91' lang='lat' dir='ltr'>tanta</span> <span class='ocrx_word' id='word_1_133' title='bbox 776 1955 819 2004; x_wconf 91' lang='lat' dir='ltr'>est</span> <span class='ocrx_word' id='word_1_134' title='bbox 839 1944 992 2003; x_wconf 89' lang='lat' dir='ltr'>hominum</span> <span class='ocrx_word' id='word_1_135' title='bbox 1014 1947 1094 2005; x_wconf 90' lang='lat' dir='ltr'>inso-</span> 
     </span>
     <span class='ocr_line' id='line_1_19' title="bbox 151 2042 1093 2119; baseline 0.002 -19"><span class='ocrx_word' id='word_1_136' title='bbox 151 2043 237 2101; x_wconf 90' lang='lat' dir='ltr'>lentia</span> <span class='ocrx_word' id='word_1_137' title='bbox 251 2051 279 2102; x_wconf 92' lang='lat' dir='ltr'>et</span> <span class='ocrx_word' id='word_1_138' title='bbox 298 2044 388 2101; x_wconf 90' lang='lat' dir='ltr'>nostri</span> <span class='ocrx_word' id='word_1_139' title='bbox 410 2043 562 2100; x_wconf 90' lang='lat' dir='ltr'>insectatio</span> <span class='ocrx_word' id='word_1_140' title='bbox 573 2061 582 2113; x_wconf 89' lang='lat'>;</span> <span class='ocrx_word' id='word_1_141' title='bbox 604 2061 638 2100; x_wconf 91' lang='lat' dir='ltr'>ac</span> <span class='ocrx_word' id='word_1_142' title='bbox 659 2042 683 2101; x_wconf 90' lang='lat' dir='ltr'>si</span> <span class='ocrx_word' id='word_1_143' title='bbox 704 2042 835 2101; x_wconf 90' lang='lat' dir='ltr'>dederint</span> <span class='ocrx_word' id='word_1_144' title='bbox 856 2042 936 2119; x_wconf 90' lang='lat' dir='ltr'>quod</span> <span class='ocrx_word' id='word_1_145' title='bbox 957 2044 1093 2119; x_wconf 89' lang='lat' dir='ltr'>petimus,</span> 
     </span>
     <span class='ocr_line' id='line_1_20' title="bbox 150 2139 1096 2216; baseline 0.005 -18"><span class='ocrx_word' id='word_1_146' title='bbox 150 2151 248 2199; x_wconf 90' lang='lat' dir='ltr'>tamen</span> <span class='ocrx_word' id='word_1_147' title='bbox 261 2140 349 2216; x_wconf 89' lang='lat' dir='ltr'>paulo</span> <span class='ocrx_word' id='word_1_148' title='bbox 370 2151 437 2216; x_wconf 92' lang='lat' dir='ltr'>post</span> <span class='ocrx_word' id='word_1_149' title='bbox 457 2140 586 2198; x_wconf 85' lang='lat' dir='ltr'>futurum</span> <span class='ocrx_word' id='word_1_150' title='bbox 607 2150 677 2216; x_wconf 93' lang='lat' dir='ltr'>puto</span> <span class='ocrx_word' id='word_1_151' title='bbox 691 2149 723 2197; x_wconf 92' lang='lat' dir='ltr'>ut</span> <span class='ocrx_word' id='word_1_152' title='bbox 745 2139 842 2198; x_wconf 91' lang='lat' dir='ltr'>hostes</span> <span class='ocrx_word' id='word_1_153' title='bbox 862 2140 1025 2200; x_wconf 89' lang='lat' dir='ltr'>iudicemur</span> <span class='ocrx_word' id='word_1_154' title='bbox 1045 2154 1096 2203; x_wconf 90' lang='lat' dir='ltr'>aut</span> 
     </span>
     <span class='ocr_line' id='line_1_21' title="bbox 150 2236 1095 2316; baseline 0.004 -20"><span class='ocrx_word' id='word_1_155' title='bbox 150 2254 228 2314; x_wconf 90' lang='lat' dir='ltr'>aqua</span> <span class='ocrx_word' id='word_1_156' title='bbox 242 2248 270 2295; x_wconf 91' lang='lat' dir='ltr'>et</span> <span class='ocrx_word' id='word_1_157' title='bbox 284 2238 343 2313; x_wconf 83' lang='lat' dir='ltr'>igni</span> <span class='ocrx_word' id='word_1_158' title='bbox 355 2238 440 2296; x_wconf 94' lang='lat' dir='ltr'>nobis</span> <span class='ocrx_word' id='word_1_159' title='bbox 455 2236 647 2295; x_wconf 85' lang='lat' dir='ltr'>interdicatur.</span> <span class='ocrx_word' id='word_1_160' title='bbox 692 2256 716 2311; x_wconf 86' lang='lat'>3.</span> <span class='ocrx_word' id='word_1_161' title='bbox 741 2237 821 2309; x_wconf 88' lang='lat' dir='ltr'>Quid</span> <span class='ocrx_word' id='word_1_162' title='bbox 836 2255 906 2312; x_wconf 87' lang='lat' dir='ltr'>ergo</span> <span class='ocrx_word' id='word_1_163' title='bbox 921 2248 973 2309; x_wconf 90' lang='lat' dir='ltr'>est,</span> <span class='ocrx_word' id='word_1_164' title='bbox 987 2239 1095 2316; x_wconf 87' lang='lat' dir='ltr'>inquis,</span> 
     </span>
     <span class='ocr_line' id='line_1_22' title="bbox 151 2334 1097 2406; baseline 0.004 -11"><span class='ocrx_word' id='word_1_165' title='bbox 151 2337 191 2395; x_wconf 90' lang='lat' dir='ltr'>tui</span> <span class='ocrx_word' id='word_1_166' title='bbox 215 2336 348 2394; x_wconf 85' lang='lat' dir='ltr'>consilii?</span> <span class='ocrx_word' id='word_1_167' title='bbox 380 2335 504 2394; x_wconf 91' lang='lat' dir='ltr'>Dandus</span> <span class='ocrx_word' id='word_1_168' title='bbox 525 2344 569 2393; x_wconf 90' lang='lat' dir='ltr'>est</span> <span class='ocrx_word' id='word_1_169' title='bbox 593 2335 674 2393; x_wconf 90' lang='lat' dir='ltr'>locus</span> <span class='ocrx_word' id='word_1_170' title='bbox 698 2334 847 2406; x_wconf 87' lang='lat' dir='ltr'>fortunae;</span> <span class='ocrx_word' id='word_1_171' title='bbox 869 2335 1036 2396; x_wconf 90' lang='lat' dir='ltr'>cedendum</span> <span class='ocrx_word' id='word_1_172' title='bbox 1057 2356 1097 2399; x_wconf 86' lang='lat' dir='ltr'>ex</span> 
     </span>
     <span class='ocr_line' id='line_1_23' title="bbox 151 2433 1096 2509; baseline 0.005 -15"><span class='ocrx_word' id='word_1_173' title='bbox 151 2434 241 2500; x_wconf 87' lang='lat' dir='ltr'>Italia,</span> <span class='ocrx_word' id='word_1_174' title='bbox 255 2434 441 2509; x_wconf 87' lang='lat' dir='ltr'>migrandum</span> <span class='ocrx_word' id='word_1_175' title='bbox 455 2433 595 2491; x_wconf 92' lang='lat' dir='ltr'>Rhodum</span> <span class='ocrx_word' id='word_1_176' title='bbox 616 2442 665 2491; x_wconf 92' lang='lat' dir='ltr'>aut</span> <span class='ocrx_word' id='word_1_177' title='bbox 684 2433 781 2509; x_wconf 90' lang='lat' dir='ltr'>aliquo</span> <span class='ocrx_word' id='word_1_178' title='bbox 800 2442 939 2492; x_wconf 90' lang='lat' dir='ltr'>terrarum</span> <span class='ocrx_word' id='word_1_179' title='bbox 953 2436 1096 2499; x_wconf 86' lang='lat' dir='ltr'>arbitror:</span> 
     </span>
     <span class='ocr_line' id='line_1_24' title="bbox 152 2529 1096 2609; baseline -0.002 -16"><span class='ocrx_word' id='word_1_180' title='bbox 152 2535 175 2593; x_wconf 91' lang='lat' dir='ltr'>si</span> <span class='ocrx_word' id='word_1_181' title='bbox 196 2533 297 2591; x_wconf 89' lang='lat' dir='ltr'>melior</span> <span class='ocrx_word' id='word_1_182' title='bbox 311 2550 395 2590; x_wconf 89' lang='lat' dir='ltr'>casus</span> <span class='ocrx_word' id='word_1_183' title='bbox 415 2532 507 2602; x_wconf 86' lang='lat' dir='ltr'>fuerit,</span> <span class='ocrx_word' id='word_1_184' title='bbox 522 2541 695 2590; x_wconf 87' lang='lat' dir='ltr'>revertemur</span> <span class='ocrx_word' id='word_1_185' title='bbox 716 2529 861 2603; x_wconf 81' lang='lat' dir='ltr'>Romam3</span> <span class='ocrx_word' id='word_1_186' title='bbox 884 2531 908 2590; x_wconf 91' lang='lat' dir='ltr'>si</span> <span class='ocrx_word' id='word_1_187' title='bbox 929 2532 1096 2609; x_wconf 86' lang='lat' dir='ltr'>mediocris,</span> 
     </span>
     <span class='ocr_line' id='line_1_25' title="bbox 151 2629 1097 2706; baseline 0.003 -16"><span class='ocrx_word' id='word_1_188' title='bbox 151 2633 181 2690; x_wconf 87' lang='lat' dir='ltr'>in</span> <span class='ocrx_word' id='word_1_189' title='bbox 209 2630 309 2690; x_wconf 86' lang='lat' dir='ltr'>exsilio</span> <span class='ocrx_word' id='word_1_190' title='bbox 336 2631 482 2703; x_wconf 78' lang='lat' dir='ltr'>vivemus3</span> <span class='ocrx_word' id='word_1_191' title='bbox 511 2630 535 2689; x_wconf 95' lang='lat' dir='ltr'>si</span> <span class='ocrx_word' id='word_1_192' title='bbox 562 2630 714 2706; x_wconf 91' lang='lat' dir='ltr'>pessimus,</span> <span class='ocrx_word' id='word_1_193' title='bbox 736 2629 773 2687; x_wconf 91' lang='lat' dir='ltr'>ad</span> <span class='ocrx_word' id='word_1_194' title='bbox 801 2630 960 2688; x_wconf 87' lang='lat' dir='ltr'>novissima</span> <span class='ocrx_word' id='word_1_195' title='bbox 987 2633 1097 2693; x_wconf 88' lang='lat' dir='ltr'>auxilia</span> 
     </span>
     <span class='ocr_line' id='line_1_26' title="bbox 152 2726 1098 2801; baseline 0.002 -12"><span class='ocrx_word' id='word_1_196' title='bbox 152 2728 375 2789; x_wconf 90' lang='lat' dir='ltr'>descendemus.</span> <span class='ocrx_word' id='word_1_197' title='bbox 418 2747 445 2801; x_wconf 85' lang='lat'>4.</span> <span class='ocrx_word' id='word_1_198' title='bbox 468 2727 625 2786; x_wconf 89' lang='lat' dir='ltr'>Succurret</span> <span class='ocrx_word' id='word_1_199' title='bbox 646 2726 768 2786; x_wconf 86' lang='lat' dir='ltr'>fortasse</span> <span class='ocrx_word' id='word_1_200' title='bbox 785 2726 843 2784; x_wconf 89' lang='lat' dir='ltr'>hoc</span> <span class='ocrx_word' id='word_1_201' title='bbox 863 2727 930 2786; x_wconf 89' lang='lat' dir='ltr'>loeo</span> <span class='ocrx_word' id='word_1_202' title='bbox 945 2727 1031 2787; x_wconf 91' lang='lat' dir='ltr'>alicui</span> <span class='ocrx_word' id='word_1_203' title='bbox 1045 2750 1098 2792; x_wconf 87' lang='lat' dir='ltr'>ves</span> 
     </span>
     <span class='ocr_line' id='line_1_27' title="bbox 152 2826 1098 2905; baseline 0.003 -20"><span class='ocrx_word' id='word_1_204' title='bbox 152 2837 237 2897; x_wconf 89' lang='lat' dir='ltr'>trum,</span> <span class='ocrx_word' id='word_1_205' title='bbox 252 2845 303 2885; x_wconf 91' lang='lat' dir='ltr'>cur</span> <span class='ocrx_word' id='word_1_206' title='bbox 320 2826 509 2884; x_wconf 89' lang='lat' dir='ltr'>novissimum</span> <span class='ocrx_word' id='word_1_207' title='bbox 531 2835 644 2900; x_wconf 90' lang='lat' dir='ltr'>tempus</span> <span class='ocrx_word' id='word_1_208' title='bbox 659 2836 862 2901; x_wconf 89' lang='lat' dir='ltr'>exspectemus</span> <span class='ocrx_word' id='word_1_209' title='bbox 883 2827 989 2902; x_wconf 88' lang='lat' dir='ltr'>potius,</span> <span class='ocrx_word' id='word_1_210' title='bbox 1005 2847 1098 2905; x_wconf 86' lang='lat' dir='ltr'>quam</span> 
     </span>
     <span class='ocr_line' id='line_1_28' title="bbox 152 2922 1097 3000; baseline 0.002 -16"><span class='ocrx_word' id='word_1_211' title='bbox 152 2944 231 2984; x_wconf 90' lang='lat' dir='ltr'>nunc</span> <span class='ocrx_word' id='word_1_212' title='bbox 245 2923 352 3000; x_wconf 89' lang='lat' dir='ltr'>aliquid</span> <span class='ocrx_word' id='word_1_213' title='bbox 366 2923 540 2981; x_wconf 84' lang='lat' dir='ltr'>moliamur?</span> <span class='ocrx_word' id='word_1_214' title='bbox 566 2922 644 2994; x_wconf 91' lang='lat' dir='ltr'>Quia</span> <span class='ocrx_word' id='word_1_215' title='bbox 658 2923 707 2980; x_wconf 92' lang='lat' dir='ltr'>ubi</span> <span class='ocrx_word' id='word_1_216' title='bbox 722 2923 914 2982; x_wconf 91' lang='lat' dir='ltr'>consistamus</span> <span class='ocrx_word' id='word_1_217' title='bbox 928 2942 991 2983; x_wconf 90' lang='lat' dir='ltr'>non</span> <span class='ocrx_word' id='word_1_218' title='bbox 1004 2925 1097 2986; x_wconf 89' lang='lat' dir='ltr'>habe-</span> 
     </span>
     <span class='ocr_line' id='line_1_29' title="bbox 153 3019 1097 3102; baseline -0.002 -21"><span class='ocrx_word' id='word_1_219' title='bbox 153 3040 217 3081; x_wconf 92' lang='lat' dir='ltr'>mus</span> <span class='ocrx_word' id='word_1_220' title='bbox 238 3031 351 3097; x_wconf 90' lang='lat' dir='ltr'>praeter</span> <span class='ocrx_word' id='word_1_221' title='bbox 376 3020 442 3078; x_wconf 86' lang='lat' dir='ltr'>Sex.</span> <span class='ocrx_word' id='word_1_222' title='bbox 464 3020 636 3096; x_wconf 89' lang='lat' dir='ltr'>Pompeium</span> <span class='ocrx_word' id='word_1_223' title='bbox 659 3030 688 3078; x_wconf 91' lang='lat' dir='ltr'>et</span> <span class='ocrx_word' id='word_1_224' title='bbox 708 3019 832 3078; x_wconf 84' lang='lat' dir='ltr'>Bassum</span> <span class='ocrx_word' id='word_1_225' title='bbox 855 3020 1024 3094; x_wconf 87' lang='lat' dir='ltr'>Caecilium,</span> <span class='ocrx_word' id='word_1_226' title='bbox 1045 3026 1097 3102; x_wconf 93' lang='lat' dir='ltr'>qui</span> 
     </span>
     <span class='ocr_line' id='line_1_30' title="bbox 153 3115 1097 3181; baseline 0.004 -4"><span class='ocrx_word' id='word_1_227' title='bbox 153 3118 223 3177; x_wconf 90' lang='lat' dir='ltr'>mihi</span> <span class='ocrx_word' id='word_1_228' title='bbox 245 3117 376 3176; x_wconf 90' lang='lat' dir='ltr'>videntur</span> <span class='ocrx_word' id='word_1_229' title='bbox 402 3118 460 3176; x_wconf 91' lang='lat' dir='ltr'>hoc</span> <span class='ocrx_word' id='word_1_230' title='bbox 485 3117 587 3175; x_wconf 91' lang='lat' dir='ltr'>nuntio</span> <span class='ocrx_word' id='word_1_231' title='bbox 615 3116 652 3175; x_wconf 90' lang='lat' dir='ltr'>de</span> <span class='ocrx_word' id='word_1_232' title='bbox 676 3115 802 3175; x_wconf 90' lang='lat' dir='ltr'>Caesare</span> <span class='ocrx_word' id='word_1_233' title='bbox 830 3117 925 3176; x_wconf 88' lang='lat' dir='ltr'>adlato</span> <span class='ocrx_word' id='word_1_234' title='bbox 953 3119 1097 3181; x_wconf 86' lang='lat' dir='ltr'>firmiores</span> 
     </span>
     <span class='ocr_line' id='line_1_31' title="bbox 154 3214 1098 3292; baseline 0.004 -18"><span class='ocrx_word' id='word_1_235' title='bbox 154 3215 261 3289; x_wconf 83' lang='lat' dir='ltr'>luturi3</span> <span class='ocrx_word' id='word_1_236' title='bbox 283 3217 351 3274; x_wconf 87' lang='lat' dir='ltr'>satis</span> <span class='ocrx_word' id='word_1_237' title='bbox 365 3224 496 3291; x_wconf 89' lang='lat' dir='ltr'>tempore</span> <span class='ocrx_word' id='word_1_238' title='bbox 512 3215 548 3273; x_wconf 91' lang='lat' dir='ltr'>ad</span> <span class='ocrx_word' id='word_1_239' title='bbox 568 3231 619 3273; x_wconf 91' lang='lat' dir='ltr'>eos</span> <span class='ocrx_word' id='word_1_240' title='bbox 634 3214 815 3286; x_wconf 88' lang='lat' dir='ltr'>accedemus,</span> <span class='ocrx_word' id='word_1_241' title='bbox 829 3215 879 3273; x_wconf 95' lang='lat' dir='ltr'>ubi</span> <span class='ocrx_word' id='word_1_242' title='bbox 898 3216 969 3292; x_wconf 92' lang='lat' dir='ltr'>quid</span> <span class='ocrx_word' id='word_1_243' title='bbox 982 3218 1098 3279; x_wconf 89' lang='lat' dir='ltr'>valeant</span> 
     </span>
     <span class='ocr_line' id='line_1_32' title="bbox 153 3311 1096 3391; baseline 0 -16"><span class='ocrx_word' id='word_1_244' title='bbox 153 3314 310 3375; x_wconf 89' lang='lat' dir='ltr'>scierimus.</span> <span class='ocrx_word' id='word_1_245' title='bbox 352 3312 409 3371; x_wconf 91' lang='lat' dir='ltr'>Pro</span> <span class='ocrx_word' id='word_1_246' title='bbox 424 3311 527 3372; x_wconf 90' lang='lat' dir='ltr'>Cassio</span> <span class='ocrx_word' id='word_1_247' title='bbox 546 3321 576 3372; x_wconf 90' lang='lat' dir='ltr'>et</span> <span class='ocrx_word' id='word_1_248' title='bbox 596 3321 633 3386; x_wconf 90' lang='lat' dir='ltr'>te,</span> <span class='ocrx_word' id='word_1_249' title='bbox 648 3312 672 3370; x_wconf 92' lang='lat' dir='ltr'>si</span> <span class='ocrx_word' id='word_1_250' title='bbox 694 3311 763 3390; x_wconf 90' lang='lat' dir='ltr'>quid</span> <span class='ocrx_word' id='word_1_251' title='bbox 782 3329 830 3370; x_wconf 90' lang='lat' dir='ltr'>me</span> <span class='ocrx_word' id='word_1_252' title='bbox 846 3312 936 3372; x_wconf 91' lang='lat' dir='ltr'>velitis</span> <span class='ocrx_word' id='word_1_253' title='bbox 956 3315 1096 3391; x_wconf 86' lang='lat' dir='ltr'>recipere,</span> 
     </span>
    </p>
   </div>
   <div class='ocr_carea' id='block_1_5' title="bbox 0 0 1263 3840">
    <p class='ocr_par' dir='ltr' id='par_1_5' title="bbox 0 0 1263 3840">
     <span class='ocr_line' id='line_1_33' title="bbox 0 0 1263 3840; baseline 0 0"><span class='ocrx_word' id='word_1_254' title='bbox 0 0 1263 3840; x_wconf 95' lang='lat' dir='ltr'> </span> 
     </span>
    </p>
   </div>
  </div>
 </body>
</html>
