2392 3848
126 218 169 285 sp„
186 202 257 289 104]
335 215 448 270 error.
470 218 520 267 nn
540 218 705 269 arrrooru
723 218 800 270 1111.
824 219 875 291 52.
1005 223 1068 292 219

124 364 291 441 Mamurra3
312 385 374 427 non
388 369 515 428 mutavit.
557 368 671 428 Unctus
686 377 738 442 est,
753 368 895 428 accubuit
937 367 1071 440 Ἐμετικὴν

123 467 247 543 agebat;
269 467 366 544 itaque
384 477 413 525 et
433 467 493 526 edit
513 475 541 524 et
562 468 634 525 bibit
655 470 735 525 ἀδεῶς
753 476 781 527 et
802 466 935 540 iucunde,
950 467 1069 544 opipare

124 580 195 625 sane
209 574 238 624 et
252 573 399 642 apparate,
414 583 468 625 nec
483 566 513 625 id
527 566 632 638 solum,
647 566 700 624 sed

725 688 784 738 bene
800 696 875 746 cocto,

288 767 390 826 condito,
407 784 512 816 sermone
528 768 591 816 bono
608 778 640 827 et,
657 769 676 818 si
693 769 786 832 quaeri',
802 770 906 819 libenter.

125 894 153 939 a.
176 874 331 936 Praeterea
354 876 446 935 tribus
470 877 597 936 tricliniis
622 877 735 953 accepti
759 880 863 951 οἱπερὶ
887 880 964 934 αὐτὸν
987 878 1070 939 valde

123 974 261 1052 oopiose;
282 974 389 1033 libertis
403 974 498 1033 minus
512 973 597 1032 lautis
618 975 764 1051 servisque
783 975 853 1032 nihil
871 975 977 1033 deluit:
999 995 1070 1035 narn

122 1068 262 1131 lautiores
283 1071 429 1147 eleganter
453 1073 573 1148 accepti.
617 1071 697 1143 Quid
722 1073 831 1131 multa?
860 1072 993 1132 homines
1017 1075 1070 1132 visi

123 1186 235 1229 sumus.
277 1167 397 1245 Hospes
417 1178 515 1228 tamen
535 1187 598 1227 non
622 1170 656 1239 is,
676 1171 723 1228 cui
745 1171 870 1229 diceres:
887 1172 1011 1231 ‘amabo
1031 1181 1068 1243 te,

123 1267 232 1326 eodem
247 1266 284 1325 ad
297 1284 353 1338 me,
365 1284 433 1325 curn
446 1265 604 1324 revertere?
642 1265 738 1324 Semel
753 1268 822 1327 satis
836 1276 888 1327 est.
930 1272 1071 1326 Σπουδαῖον

123 1367 201 1423 οὐδὲν
219 1364 249 1422 in
269 1382 412 1434 sermone,
428 1367 559 1438 φιλόλογα
580 1364 679 1422 multa.
722 1365 802 1437 Quid
822 1366 955 1442 quaeris?
977 1366 1070 1430 delec-

123 1472 202 1523 tatus
221 1472 265 1522 est
283 1472 312 1521 et
329 1462 450 1519 libenter
468 1461 529 1519 suit.
571 1460 698 1520 Puteolis
718 1480 750 1520 se
771 1462 865 1521 aiebat
883 1482 975 1521 unum
992 1464 1070 1523 diem

122 1560 196 1633 lore,
206 1561 328 1619 alterum
342 1559 380 1618 ad
394 1558 488 1618 Baias.
524 1557 628 1618 Habes
642 1559 802 1636 hospitium
817 1561 875 1620 sive
888 1563 1070 1634 ἐπισταθμείαν

123 1659 262 1719 odiosam
285 1658 364 1729 mihi,
387 1657 454 1727 dixi,
475 1675 537 1716 non
558 1657 719 1716 molestam.
760 1656 827 1734 Ego
848 1658 993 1735 paulisper
1013 1660 1068 1732 hic,

123 1755 232 1818 deinde
252 1757 283 1814 in
300 1755 508 1814 Tusculanum.
550 1753 719 1814 Dolabellae
740 1755 834 1813 villam
856 1775 923 1815 curn
944 1767 1070 1832 praeter·

122 1856 187 1926 iret,
197 1853 296 1912 omnis
309 1863 486 1911 armatorum
500 1853 587 1929 copia
600 1853 701 1912 dextra
715 1855 827 1913 sinistra
841 1854 879 1913 ad
893 1871 1001 1932 equum
1015 1872 1069 1914 nee

122 1969 252 2032 usquam
265 1950 340 2010 alibi.
383 1949 452 2010 Hoc
466 1968 502 2009 ex
517 1949 609 2010 Nicia
