2392 3848
109 205 153 270 24
380 199 418 250 nr.
446 201 564 251 rurrrr
585 201 775 251 arcanorum
948 184 1027 272 [ears
1042 201 1064 252 1.

109 379 170 418 rern
192 360 338 436 publicam
359 360 488 435 perdere,
510 377 598 436 quarn
620 360 759 419 similibus
780 359 841 418 eius
862 377 909 416 me
931 361 1061 420 consule

109 459 235 533 patriciis
264 467 340 517 esset
368 458 482 516 licitum
525 459 598 529 Iam,
627 477 695 517 cum
723 476 754 515 se
781 457 827 516 ille
855 457 983 532 septimo
1011 459 1061 517 die

108 557 220 614 venisse
248 576 266 615 a
293 554 367 615 freto
392 574 487 633 neque
511 556 565 614 sibi
589 557 706 614 obviam
729 572 906 631 quemquam
934 555 1061 630 prodire

108 654 238 731 potuisse
253 663 282 712 et
296 665 384 712 noctu
400 672 430 712 se
450 653 583 712 introisse
600 654 718 711 dixisset
732 654 762 710 in
781 671 874 729 eoque
889 671 921 710 se
934 654 967 710 in
984 672 1061 713 con·

109 751 189 808 tione
214 750 353 820 iactasset,
380 749 450 808 nihil
479 752 505 808 ei
533 752 600 808 novi
628 750 687 808 dixi
714 751 863 819 accidisse,
890 768 926 807 ex
956 751 1062 811 Sicilia

109 844 233 920 septimo
258 843 304 902 die
328 843 471 901 Romam:
501 844 590 901 tribus
614 843 693 900 horis
718 843 815 901 Roma
836 842 1060 916 Interamnam3

108 953 198 1000 noctu
219 942 369 1001 introisse:
392 943 462 1000 item
483 952 567 1013 ante;
593 958 654 999 non
676 959 740 999 esse
761 941 831 998 itum
852 941 988 1000 obviarn:
1020 962 1061 1002 ne

109 1051 171 1098 turn
196 1040 321 1117 quidem,
343 1059 410 1098 cum
431 1039 463 1096 iri
484 1040 611 1096 maxime
636 1039 772 1096 debuerit
817 1038 895 1110 Quid
916 1042 1061 1114 quaeris?

108 1137 260 1196 hominem
280 1138 457 1216 petulantem
485 1136 650 1195 modestum
677 1135 767 1194 reddo
789 1153 850 1194 non
871 1135 967 1195 solum
991 1157 1061 1215 per·

109 1246 196 1310 petua
211 1237 347 1310 gravitate
362 1233 509 1304 orationis,
531 1233 682 1291 sedetiam
700 1233 757 1292 hoc
769 1252 874 1309 genere
888 1234 1060 1312 dictorum;

109 1335 205 1409 itaque
226 1333 283 1390 iam
304 1332 477 1390 familiariter
498 1349 565 1389 curn
586 1331 651 1406 ipso
673 1331 788 1389 cavillor
809 1351 844 1390 ac
858 1332 957 1406 iocor;
984 1337 1061 1412 quin

110 1432 205 1499 etiam,
220 1447 286 1487 cum
302 1429 486 1488 candidatum
499 1428 715 1495 deduceremus,
728 1432 839 1506 quaerit
853 1449 889 1488 ex
901 1448 957 1501 me,
982 1451 1061 1492 num

109 1544 298 1584 consuessem
321 1526 423 1584 Siculis
443 1526 540 1584 locum
564 1527 770 1602 gladiatoribus
798 1528 885 1586 dare?
927 1528 1060 1605 Negavi.

111 1625 167 1682 ‘At
188 1624 256 1699 ego'
278 1624 370 1702 inquit
393 1629 503 1682 ‘novus
531 1635 669 1700 patronus
694 1625 857 1705 instituam
886 1626 938 1684 sed
959 1645 1060 1702 soror,

109 1737 184 1795 quae
205 1727 317 1775 tantum
344 1717 431 1775 habet
459 1717 617 1776 consularis
645 1717 709 1788 loci,
737 1737 829 1776 unum
857 1719 926 1776 mihi
955 1721 1060 1782 solum

109 1812 216 1888 pedem
231 1808 296 1870 dat!
340 1810 444 1868 ‘Noli'
459 1812 579 1885 inquam
594 1810 649 1868 ‘de
663 1829 722 1870 uno
740 1812 815 1888 pede
830 1813 936 1871 sororis
951 1817 1059 1891 queri3

109 1911 174 1969 licet
188 1909 275 1967 etiam
290 1908 409 1967 alterum
424 1906 526 1968 tollas.’
563 1907 652 1966 ‘Non
667 1907 833 1968 consulare’
848 1911 960 1987 inquies
978 1913 1060 1975 ‘dic-

110 2020 171 2067 tum
181 2007 200 2065 :’
216 2007 322 2077 fateor;
339 2006 391 2064 sed
402 2025 458 2081 ego
470 2006 547 2063 illam
562 2007 611 2064 odi
625 2007 700 2064 male
715 2008 913 2066 consularem:
931 2005 996 2090 [ea]
1014 2025 1061 2073 est

110 2105 188 2164 enim
209 2104 352 2173 seditiosa,
376 2100 436 2183 [ea]
460 2122 528 2162 cum
541 2104 601 2161 viro
622 2104 729 2162 bellum
750 2107 831 2181 gerit,
846 2124 940 2180 neque
955 2108 1060 2170 solum

110 2218 176 2258 cum
188 2197 315 2268 Metello,
328 2198 379 2255 sed
390 2199 475 2255 etiam
486 2216 552 2255 cum
564 2197 663 2268 Fabi0‚
675 2199 755 2274 quod
770 2217 821 2257 eos
837 2203 857 2271 †
871 2200 901 2256 in
915 2199 972 2258 hoc
989 2222 1061 2266 esse

110 2297 230 2354 moleste
251 2295 313 2354 fert.
357 2298 383 2354 6.
398 2295 487 2366 Quod
502 2297 538 2353 de
558 2297 668 2371 agraria
687 2297 751 2372 lege
765 2298 887 2372 quaeris,
907 2302 1060 2362 sanciam

109 2390 219 2448 videtur
233 2389 385 2447 refrixisse.
417 2387 507 2459 Quod
524 2406 571 2446 me
586 2389 716 2464 quodam
733 2391 823 2449 modo
838 2390 916 2449 molli
930 2392 1061 2458 brachio

110 2489 147 2546 de
161 2486 292 2563 Pompeii
307 2486 496 2544 familiaritate
510 2487 654 2562 obiurgas,
670 2487 760 2545 nolim
779 2489 818 2545 ita
833 2489 989 2562 existimes,
1007 2513 1061 2555 me

109 2586 167 2643 mei
178 2585 312 2660 praesidii
327 2602 495 2642 causacum
510 2583 558 2642 illo
579 2585 766 2643 coniunctum
785 2604 857 2656 esse,
878 2586 930 2644 sed
944 2588 985 2646 ita
1010 2613 1061 2654 res

110 2692 170 2743 erat
191 2683 327 2753 instituta,
342 2690 382 2752 ut,
399 2683 422 2739 si
437 2683 511 2739 inter
525 2698 581 2739 nos
603 2693 679 2740 esset
694 2682 789 2759 aliqua
803 2683 876 2741 forte
899 2685 1061 2765 dissensio,

109 2781 252 2839 maximas
274 2780 304 2836 in
325 2797 355 2837 re
377 2779 493 2854 publica
514 2779 673 2837 discordias
692 2781 797 2838 versari
815 2792 891 2840 esset
912 2801 1059 2854 necesse,·

110 2878 191 2954 quod
205 2895 222 2935 a
236 2896 283 2934 me
293 2877 332 2934 ita
346 2884 536 2952 praecautum
551 2887 637 2952 atque
652 2878 690 2934 ita
704 2878 852 2953 provisum
873 2889 925 2950 est,
940 2900 1006 2941 non
1028 2898 1062 2949 ut

111 2994 168 3051 ego
180 2974 215 3033 de
227 2975 338 3050 optima
349 2974 395 3031 illa
405 2993 472 3032 mea
486 2974 597 3032 ratione
609 2975 788 3045 decederem,
802 2976 853 3033 sed
867 2986 899 3034 ut
913 2977 959 3035 ille
974 2998 1063 3046 esset

109 3073 213 3132 melior
227 3083 255 3131 et
268 3071 374 3148 aliquid
389 3071 572 3147 depopulari
587 3073 698 3131 levitate
713 3073 890 3148 deponeret;
912 3094 1004 3150 quem
1021 3085 1062 3144 de

109 3170 182 3227 meis
210 3170 304 3241 rebus,
332 3170 362 3227 in
391 3187 462 3246 quas
490 3188 557 3227 eum
584 3170 666 3228 multi
687 3170 845 3240 incitarant,
866 3172 957 3230 multo
979 3179 1062 3242 scito

109 3266 263 3342 gloriosius
275 3286 362 3344 quam
374 3267 410 3324 de
425 3268 484 3326 suis
499 3266 675 3342 praedicare;
698 3267 751 3324 sibi
764 3269 841 3326 enim
855 3270 930 3326 bene
941 3284 1061 3352 gestae,

108 3364 178 3423 mihi
214 3374 399 3424 conservatae
429 3364 470 3423 rei
497 3363 629 3446 publicae
655 3365 704 3423 dat
732 3367 938 3425 testimonium.
982 3370 1062 3438 Hoc
