2392 3848
118 116 179 203 138
367 127 407 179 rr.
431 128 554 179 noran
572 130 761 181 arcanonrs
935 114 998 204 [nn
1011 128 1049 186 ru.

116 287 253 348 Gnaeum
271 295 403 346 nostrum
424 288 656 359 commissurum,
671 297 704 346 ut
722 287 890 347 Domitium
910 287 1052 363 relinquat,

114 387 169 443 etsi
204 384 390 443 Brundisium
426 384 595 461 Scipionem
632 404 700 445 cum
738 385 910 445 cohortibus
947 385 1054 444 duabus

114 483 309 557 praemiserat,
328 482 475 557 legionem
498 502 517 539 a
536 483 644 541 Fausto
663 482 861 558 conscriptam
880 483 913 541 in
932 480 1054 542 Siciliam

114 580 168 636 sibi
189 579 303 653 placere
325 598 343 638 a
363 579 482 637 consule
503 579 570 637 duci
591 580 744 655 scripserat
767 580 807 638 ad
831 578 988 654 consules3
1008 578 1056 638 sed

114 687 197 751 turpe
216 676 377 734 Domitium
397 676 490 735 deseri
508 676 711 752 implorantem
732 678 794 735 eius
815 676 968 737 auxilium.
1007 674 1056 735 Est

114 775 259 848 quaedam
277 792 352 849 spes,
367 774 437 831 mihi
451 773 570 848 quidem
589 790 649 831 non
668 791 785 848 magna,
800 773 854 832 sed
872 774 905 832 in
924 773 971 833 his
988 771 1056 832 locis

115 872 204 941 firma,
230 871 381 929 Afranium
405 872 435 929 in
459 870 609 946 Pyrenaeo
633 888 700 929 cum
725 871 878 930 Trebonio
903 889 1055 949 pugnasse,

114 969 230 1043 pulsum
253 968 443 1039 Trebonium,
467 969 555 1025 etiam
577 967 700 1026 Fabium
722 976 803 1026 tuum
828 970 969 1029 transisse
993 986 1056 1027 cum

114 1067 292 1136 cohortibus
310 1084 425 1124 summa
445 1075 551 1135 autem,
571 1064 724 1124 Afranium
745 1084 813 1126 cum
829 1067 949 1142 magnis
968 1067 1056 1142 copiis

115 1164 284 1222 adventare:
306 1165 336 1223 id
357 1165 381 1223 si
402 1174 453 1234 est,
472 1163 502 1220 in
523 1163 606 1221 Italia
630 1163 753 1222 fortasse
776 1164 953 1224 manebitur.
994 1163 1057 1240 Ego

115 1273 220 1331 autem,
246 1279 313 1320 cum
342 1271 418 1320 esset
442 1262 582 1319 incertum
606 1261 659 1319 iter
683 1259 825 1333 Caesaris,
847 1261 932 1338 quod
953 1261 999 1321 vel
1022 1261 1057 1320 ad

116 1357 247 1433 Capuam
266 1359 311 1416 vel
332 1359 369 1417 ad
390 1358 543 1417 Luceriam
567 1360 657 1417 iturus
681 1359 844 1434 putabatur.
866 1356 996 1436 Leptam
1022 1359 1057 1418 ad

116 1454 288 1531 Pompeium
322 1457 388 1514 misi
418 1463 444 1513 et
471 1455 585 1526 litteras,
620 1456 692 1532 ipse,
728 1474 767 1515 ne
797 1472 859 1532 quo
889 1456 1056 1527 inciderem,

115 1556 217 1612 reverti
238 1553 377 1612 Formias.
414 1553 497 1612 Haec
511 1563 540 1610 te
555 1553 627 1611 scire
645 1553 723 1610 volui
738 1553 899 1630 scripsique
914 1554 1056 1614 sedatiore

115 1652 221 1721 animo,
237 1668 324 1726 quarn
340 1652 472 1726 proxime
486 1649 666 1725 scripseram,
680 1649 792 1708 nullum
804 1668 906 1710 meum
920 1652 1058 1714 iudicium

116 1748 312 1824 interponens,
328 1748 380 1806 sed
395 1747 548 1823 exquirens
562 1755 653 1805 tuum.

327 1917 375 1971 ss.
416 1911 474 1970 Ar>
494 1909 687 1971 urrisun
708 1911 793 1971 vrrr.
815 1931 844 1988 9.

118 2024 183 2086 Sca.
198 2045 228 2084 nr
244 2024 400 2086 Fonurauo
421 2044 484 2085 no.
499 2044 527 2086 v.
547 2025 708 2084 Krannoas
728 2024 868 2086 Msnrrns
888 2044 976 2088 suc.
993 2039 1057 2101 705.

432 2150 535 2192 cacano
554 2149 661 2191 arrico
681 2148 742 2190 saa.

160 2265 185 2303 r.
206 2246 375 2305 Errsronnu
388 2264 485 2304 meam
496 2246 576 2322 quod
586 2244 784 2322 pervolgatam
798 2245 900 2304 scribis
913 2264 990 2319 esse,
1001 2267 1060 2307 non

118 2342 178 2401 lero
198 2343 335 2401 moleste:
357 2344 427 2418 quin
446 2344 534 2400 etiam
551 2343 615 2419 ipse
629 2341 725 2400 multis
740 2342 807 2401 dedi
821 2342 1059 2417 describendam

117 2458 152 2498 ea
166 2442 285 2498 enimet
299 2441 464 2498 acciderunt
478 2441 536 2498 iam
550 2450 579 2498 et
595 2440 773 2515 impendent,
787 2449 818 2497 ut
837 2448 977 2499 testatum
997 2461 1060 2503 esse

116 2539 210 2608 velim,
239 2537 275 2594 de
305 2555 377 2612 pace
405 2536 475 2613 quid
503 2538 649 2595 senserim.
698 2535 775 2594 Cum
802 2545 901 2595 autem
929 2538 970 2596 ad
997 2558 1059 2599 eam

118 2635 246 2694 hortarer
259 2653 325 2693 eum
342 2634 508 2710 praesertim
521 2634 680 2704 hominem,
692 2651 753 2691 non
763 2634 881 2692 videbar
895 2635 956 2694 ullo
970 2637 1060 2696 modo

117 2733 226 2792 facilius
240 2740 379 2801 moturus,
389 2749 477 2807 quam
491 2732 515 2788 si
528 2730 567 2800 id,
578 2731 657 2804 quod
672 2748 740 2788 eum
753 2730 890 2802 hortarer,
905 2736 1060 2793 convenire

118 2834 180 2890 eius
214 2830 370 2906 sapientiae
406 2829 540 2886 dicerem.
581 2826 655 2884 Eam
683 2828 707 2885 si
732 2828 969 2888 ‘admirabilem'
994 2832 1059 2901 dixi,

117 2929 256 3004 quoniam
284 2945 351 2985 eum
379 2926 416 2984 ad
444 2925 564 2983 salutem
592 2925 701 2999 patriae
728 2924 871 2996 hortabar,
901 2945 964 2986 non
996 2947 1059 2988 sum

118 3027 223 3084 veritus
238 3044 275 3083 ne
288 3023 399 3081 viderer
413 3022 562 3090 adsentari,
580 3021 624 3078 cui
638 3021 686 3078 tali
702 3022 733 3077 in
752 3039 783 3078 re
804 3021 937 3082 lubenter
955 3044 1005 3084 me
1024 3024 1060 3085 ad

118 3121 209 3198 pedes
237 3121 415 3179 abiecissem.
458 3117 526 3189 Qua
553 3125 648 3173 autem
681 3126 724 3174 est
752 3118 879 3193 ‘aliquid
912 3122 1059 3200 impertias

119 3217 275 3292 temporis,’
294 3233 355 3273 non
375 3226 419 3274 est
440 3215 476 3272 de
497 3231 578 3289 pace,
598 3211 650 3269 sed
672 3212 709 3269 de
729 3231 777 3271 me
798 3215 864 3289 ipso
885 3227 915 3276 et
936 3219 975 3279 de
993 3239 1059 3279 meo

120 3314 217 3374 officio
230 3323 262 3372 ut
276 3313 383 3388 aliquid
397 3313 521 3388 cogitet:
536 3326 604 3366 nam
615 3307 693 3367 quod
705 3310 841 3369 testificor
851 3331 900 3373 me
911 3327 1059 3393 expertem
