2392 3848
190 202 212 265 6
467 215 507 265 M.
529 215 649 265 rurrrr
669 212 858 265 cronnoms
897 222 903 227 ’·
1031 200 1100 287 [Pars
1114 217 1139 268 1.

190 371 372 430 cuiusmodi
394 372 438 443 sit,
460 373 528 432 satis
551 370 715 448 intellegere
737 390 797 430 non
817 389 946 447 possum,
962 370 1015 431 sed
1032 379 1136 430 tamen

188 470 319 546 suspicor
333 470 370 529 ad
385 481 412 528 te
427 489 490 529 esse
505 471 642 542 adlatum,
654 489 711 540 me,
721 471 751 527 in
762 480 864 528 senatu
876 488 943 528 cum
954 470 1136 545 disputarem

188 569 347 644 permultos
375 587 440 627 esse
468 569 517 645 qui
545 587 607 626 rem
634 568 781 645 publicam
808 585 827 624 a
853 584 902 625 me
929 576 1135 631 conservatam

189 665 325 736 dolerent,
341 665 447 723 dixisse
466 684 484 723 a
501 675 529 723 te
544 666 725 741 propinquos
740 675 813 734 tuos,
830 665 934 740 quibus
949 683 1055 739 negare
1070 683 1136 725 non

187 762 340 839 potuisses
355 763 524 839 impetrasse
545 773 577 821 ut
591 781 626 821 ea
645 781 720 838 quae
740 763 888 820 statuisses
908 762 960 819 tibi
978 763 1008 819 in
1028 773 1136 823 senatu

188 860 224 917 de
238 878 303 918 mea
317 859 402 918 laude
416 877 480 918 esse
494 860 618 918 dicenda
631 860 771 917 reticeres.
809 858 899 930 Quod
913 878 980 917 curn
994 860 1134 931 dicerem,

188 955 257 1013 illud
270 957 396 1027 adiunxi,
412 957 483 1015 mihi
497 966 594 1016 tecum
609 957 647 1015 ita
661 957 844 1034 dispertitum
858 957 984 1015 officium
999 956 1086 1016 luisse
1100 957 1136 1017 in

187 1055 228 1112 rei
242 1054 373 1129 publicae
392 1055 483 1113 salute
502 1055 660 1126 retinenda,
673 1065 707 1113 ut
726 1073 783 1131 ego
802 1054 904 1112 urbem
923 1074 942 1113 a
963 1055 1135 1114 domesticis

187 1151 298 1209 insidiis
319 1161 348 1209 et
368 1152 406 1209 ab
426 1152 564 1211 intestino
586 1153 701 1221 scelere,
720 1161 752 1211 tu
773 1151 885 1210 Italiam
905 1161 934 1210 et
955 1153 992 1210 ab
1013 1154 1136 1212 armatis

186 1249 317 1307 hostibus
332 1258 361 1308 et
375 1250 412 1307 ab
426 1250 540 1308 occulta
554 1249 754 1309 coniuratione
765 1249 943 1320 defenderes,
955 1259 1041 1326 atque
1055 1249 1136 1310 hanc

187 1355 316 1403 nostram
330 1346 402 1403 tanti
420 1355 450 1404 et
468 1356 528 1404 tarn
546 1346 684 1422 praeclari
703 1347 831 1404 muneris
852 1346 1018 1404 societatem
1038 1365 1055 1405 a
1074 1349 1136 1408 tuis

187 1444 357 1519 propinquis
376 1443 585 1514 labefactatam,
601 1444 659 1520 qui,
675 1462 742 1503 cum
762 1453 793 1500 tu
814 1462 832 1501 a
851 1462 899 1501 me
914 1445 999 1501 rebus
1014 1445 1136 1520 amplis·

188 1539 267 1598 simis
288 1550 372 1616 atque
394 1540 692 1599 honorificentissimis
717 1550 835 1599 ornatus
860 1559 947 1612 esses,
969 1541 1137 1602 timuissent

187 1656 319 1714 nequae
339 1638 410 1696 mihi
432 1657 499 1714 pars
518 1640 571 1698 abs
590 1649 618 1698 te
639 1639 793 1697 voluntatis
814 1648 931 1697 mutuae
953 1639 1136 1702 tribueretur.

190 1755 213 1793 a.
245 1735 314 1794 Hoc
334 1737 365 1793 in
387 1754 523 1795 sermone
544 1755 611 1794 cum
632 1756 650 1795 a
671 1755 718 1794 me
743 1745 945 1812 exponeretur,
968 1756 1042 1813 quae
1065 1757 1137 1800 mea

187 1834 366 1909 exspectatio
395 1834 496 1891 fuisset
523 1835 660 1892 orationis
689 1844 755 1892 tuae
783 1844 951 1910 quantoque
978 1835 1009 1891 in
1036 1853 1136 1895 errore

187 1939 314 1989 versatus
327 1949 431 2002 essem,
442 1932 503 1990 visa
517 1941 560 1990 est
574 1931 665 1990 oratio
680 1950 741 1989 non
755 1917 919 2002 iniucunda,
935 1941 963 1990 et
976 1933 1135 1992 mediocris

187 2027 307 2104 quidam
330 2037 374 2086 est
397 2028 471 2086 risus
494 2039 674 2098 consecutus
696 2046 758 2086 non
782 2028 812 2084 in
835 2037 872 2098 te,
899 2028 951 2086 sed
978 2030 1072 2104 magis
1099 2031 1136 2089 in

186 2143 315 2184 errorem
327 2143 427 2183 meum
441 2134 470 2183 et
484 2124 564 2201 quod
582 2143 630 2183 me
650 2126 702 2183 abs
719 2135 747 2182 te
767 2126 881 2200 cupisse
901 2126 1010 2185 laudari
1033 2138 1136 2203 aperte

187 2233 273 2299 atque
287 2222 412 2297 ingenue
427 2222 595 2281 confitebar.
637 2223 701 2280 Iam
715 2221 771 2280 hoc
785 2240 846 2280 non
860 2232 956 2298 potest
973 2224 1003 2281 in
1022 2233 1049 2282 te
1069 2242 1136 2307 non

186 2319 344 2396 honorifice
357 2338 422 2378 esse
442 2319 558 2390 dictum,
573 2339 621 2378 me
638 2321 669 2378 in
688 2320 852 2378 clarissimis
869 2323 942 2380 meis
962 2334 1047 2398 atque
1069 2341 1136 2384 arn-

186 2417 321 2493 plissimis
335 2417 421 2475 rebus
436 2427 534 2475 tamen
548 2417 667 2493 aliquod
688 2418 887 2476 testimonium
905 2430 971 2478 tuae
985 2421 1065 2479 vocis
1079 2421 1136 2482 ha-

186 2516 255 2573 bere
266 2513 399 2572 voluisse.
433 2533 460 2588 3.
482 2514 572 2587 Quod
583 2527 680 2573 autem
692 2517 731 2573 ita
742 2516 851 2586 scribis,
865 2522 1046 2591 ‘promutuo
1059 2519 1138 2581 inter

186 2631 242 2670 nos
263 2610 379 2684 anim0‚'
400 2611 470 2688 quid
488 2622 519 2671 tu
540 2613 688 2671 existimes
708 2631 772 2672 esse
791 2614 822 2671 in
843 2614 967 2671 amicitia
987 2625 1136 2692 mutuum,

187 2710 303 2783 nesci0;
326 2709 462 2786 equidem
478 2709 534 2768 hoc
548 2711 677 2783 arbitror,
692 2731 760 2770 curn
774 2730 827 2787 par
840 2711 971 2768 voluntas
992 2714 1137 2789 accipitur

187 2818 215 2867 et
236 2806 370 2866 redditur.
411 2806 477 2882 Ego
499 2808 524 2865 si
544 2807 601 2866 hoc
626 2808 729 2879 dicam,
751 2827 799 2866 me
823 2818 872 2866 tua
894 2825 982 2867 causa
1006 2800 1136 2884 praeter-

187 2906 301 2964 misisse
328 2905 515 2980 provinciam‚
540 2905 591 2962 tibi
619 2905 682 2981 ipse
706 2905 795 2994 leqior
818 2904 916 2963 videar
940 2924 1022 2978 esse3
1046 2926 1137 2971 meae

187 3002 266 3062 enirn
280 3003 405 3062 rationes
420 3002 459 3060 ita
472 3002 597 3083 tulerunt
612 3013 698 3079 atque
713 3003 774 3061 eins
787 3003 844 3060 mei
858 3003 970 3061 consilii
989 3005 1138 3069 maiorem
1174 3046 1182 3056 -

187 3102 218 3159 in
233 3100 293 3158 dies
308 3100 437 3176 singulos
451 3099 576 3158 fructum
589 3101 825 3176 voluptatemque
842 3100 945 3175 capio:
967 3102 1037 3160 illud
1054 3103 1135 3180 dico,

186 3216 243 3268 me,
254 3207 285 3255 ut
299 3199 424 3273 primum
439 3198 469 3255 in
480 3199 617 3257 contione
627 3198 806 3275 provinciam
818 3198 1011 3275 deposuerim,
1023 3204 1134 3278 statim,

188 3313 274 3371 quem
297 3295 478 3354 admodum
502 3313 568 3354 eam
590 3297 640 3354 tibi
664 3294 815 3366 traderem,
836 3283 965 3374 cogitare
987 3299 1134 3374 coepisse.

188 3392 267 3451 Nihil
282 3391 347 3451 dico
366 3393 402 3452 de
417 3393 565 3452 sortitione
579 3401 689 3454 vestra:
711 3401 823 3452 tantum
842 3403 871 3453 te
891 3396 1030 3473 suspicari
1052 3398 1133 3481 volu,
