2498 3840
152 212 196 276 up.
211 209 256 275 62,
272 200 330 282 aa]
374 212 486 266 arrrr.
508 212 558 262 ab
582 213 748 264 Arrrcum
766 217 815 268 rr.
841 221 888 270 ro.
1035 217 1093 288 151

150 368 269 426 venerit
314 368 360 427 De
382 368 534 428 Lanuvino
556 371 660 440 statim,
675 380 706 429 ut
727 371 821 430 audivi
842 371 999 430 Phameam
1019 389 1097 429 mor·

150 475 243 535 tuum,
269 467 377 542 optavi,
401 467 425 524 si
453 467 543 525 modo
567 479 643 526 esset
670 468 764 526 futura
788 487 833 527 res
862 468 986 544 publica,
1007 479 1040 526 ut
1066 467 1097 526 id

149 562 254 638 aliquis
269 580 411 634 meorum,
427 582 523 639 neque
542 572 640 622 tamen
655 565 692 624 de
707 576 743 636 te,
759 566 809 641 qui
823 566 949 624 maxime
964 583 1095 634 meuses,

149 659 294 734 cogitavi3
325 660 453 718 sciebam
478 660 556 717 enim
580 669 609 718 te
632 672 724 736 quoto
748 679 827 719 anno
849 672 878 720 et
903 671 1044 737 quantum
1066 662 1096 718 in

149 755 212 814 solo
228 756 324 814 solere
339 775 485 833 quaerere,
500 776 595 832 neque
610 758 704 816 solum
724 758 847 828 Romae,
862 758 914 817 sed
928 759 1014 816 etiam
1031 757 1096 815 Deli

148 863 230 910 tuum
250 853 400 928 digamma
419 852 563 911 videram:
584 873 683 912 verum
704 866 802 912 tamen
821 873 878 931 ego
899 855 977 925 illud,
994 873 1096 931 quam-

149 968 237 1025 quam
264 961 311 1008 est
337 950 454 1021 bellurn,
477 952 598 1010 minoris
625 953 756 1023 aestim0,
781 971 869 1028 quam
892 953 1096 1010 aestimabatur

149 1046 324 1104 Marcellino
355 1047 483 1117 consule,
513 1067 581 1106 cum
613 1067 669 1123 ego
705 1051 776 1107 istos
811 1049 941 1107 hortulos
976 1058 1095 1124 propter

149 1143 273 1201 domum
294 1145 375 1201 Antii
392 1162 480 1219 quam
502 1155 564 1203 tum
582 1146 734 1217 habebam,
750 1146 934 1205 iucundiores
948 1146 1019 1203 mihi
1033 1145 1095 1203 fore

148 1242 290 1316 putabam
315 1252 345 1299 et
365 1243 477 1299 minore
502 1243 644 1318 impensa,
667 1262 756 1319 quam
780 1244 805 1301 si
827 1243 1028 1301 Tusculanum
1050 1262 1095 1301 re·

148 1337 297 1396 iecissem.
339 1338 427 1396 Volui
442 1342 463 1411 †
480 1339 580 1411 .NSQ.
622 1339 678 1415 Egi
699 1359 751 1416 per
771 1340 918 1416 praedem,
939 1341 986 1398 ille
1007 1339 1094 1410 daret,

150 1435 230 1492 Antii
246 1453 315 1493 cum
337 1435 456 1494 haberet
470 1437 588 1495 venale:
610 1438 709 1495 noluit
754 1437 813 1496 Sed
826 1457 905 1496 nunc
924 1438 1024 1496 omnia
1042 1439 1097 1495 ista

149 1532 242 1590 iacere
257 1541 331 1608 puto
346 1544 465 1608 propter
486 1553 672 1592 nummorum
687 1536 842 1594 caritatem.
884 1535 957 1592 Mihi
978 1535 1096 1612 quidem

150 1631 201 1686 erit
216 1631 401 1704 aptissimum
423 1631 467 1688 vel
485 1632 571 1689 nobis
590 1632 695 1707 potius,
710 1633 734 1690 si
756 1640 787 1690 tu
806 1633 918 1691 emeris
960 1633 1019 1690 Sed
1033 1633 1095 1690 eius

151 1725 314 1784 dementias
329 1744 398 1785 cave
413 1738 602 1786 contemnas:
624 1728 706 1787 valde
720 1737 765 1787 est
778 1740 941 1788 venustum.
983 1728 1096 1800 Quam·

151 1843 239 1900 quam
266 1824 340 1881 mihi
367 1825 421 1882 ista
449 1826 548 1884 omnia
575 1826 633 1883 iam
662 1826 777 1884 addicta
803 1827 927 1886 vastitati
955 1827 1104 1892 videntur„

152 1921 306 1997 Respondi
327 1922 456 1997 epistolis
477 1923 575 1994 tribus,
598 1922 650 1981 sed
671 1933 809 1999 exspecto
830 1923 918 1993 alias;
954 1942 1023 1982 nam
1047 1941 1103 1984 me

153 2020 246 2077 adhuc
261 2029 330 2076 tuae
344 2019 452 2076 litterae
467 2029 670 2077 sustentarunt.
712 2019 750 2078 D.
761 2019 949 2078 Liberalibus.

371 2179 419 2233 63.
461 2175 519 2233 AD
539 2174 733 2234 ATTICUM
754 2175 808 2233 IX.
833 2193 879 2234 ro.

227 2289 294 2352 Ser„
316 2309 348 2349 ru
368 2290 524 2351 Forumuo
544 2310 612 2350 nn.
634 2311 680 2351 xv.
702 2290 865 2350 Karuunus
886 2291 1014 2351 Amnes

537 2407 621 2448 auc.
645 2403 712 2463 705.

468 2510 570 2554 crcruo
592 2512 698 2554 Arrrco
718 2513 779 2553 sar..

194 2626 220 2666 r.
241 2607 336 2665 Nrmr,
354 2605 508 2678 habebam,
523 2607 603 2683 quod
622 2609 794 2680 scriberem;
812 2626 911 2684 neque
930 2607 1009 2666 enim
1028 2609 1095 2666 novi

154 2707 308 2781 quicquam
321 2705 467 2762 audieram
482 2713 510 2762 et
524 2704 562 2763 ad
576 2714 639 2763 tuas
650 2725 754 2764 omnes
769 2707 972 2781 rescripseram
987 2706 1095 2781 pridie,

154 2804 211 2872 sed,
227 2820 295 2860 cum
310 2820 358 2858 me
373 2801 523 2875 aegritudo
538 2821 599 2860 non
615 2803 709 2861 solum
731 2821 837 2861 somno
850 2803 980 2880 privaret,
995 2821 1106 2868 verum,

153 2918 188 2958 ue
203 2898 323 2974 vigilare
345 2898 462 2974 quidem
485 2899 547 2957 sine
568 2918 684 2958 summo
706 2900 806 2958 dolore
827 2909 980 2976 pateretur,
995 2906 1095 2958 tecum

153 3007 182 3054 ut
197 2996 282 3072 quasi
297 2996 439 3071 loquerer,
454 2996 484 3052 in
499 3015 558 3071 quo
578 3015 637 3054 uno
656 2998 819 3073 acquiesco,
833 2996 892 3056 hoc
910 2997 1011 3054 nescio
1026 2995 1096 3071 quid

153 3095 230 3151 nullo
252 3102 425 3168 argumento
450 3093 601 3168 proposito
622 3094 747 3151 scribere
774 3093 890 3152 institui.
934 3111 960 3150 a.
981 3092 1095 3151 Amens

154 3191 221 3248 mihi
235 3191 325 3248 fuisse
339 3189 438 3248 videor
452 3209 469 3248 a
483 3192 625 3266 principio
639 3202 668 3249 et
685 3210 733 3249 me
747 3210 805 3249 una
826 3191 898 3250 haec
911 3209 958 3249 res
972 3201 1094 3268 torquet,

155 3287 232 3363 quod
246 3305 308 3344 non
322 3288 459 3344 omnibus
473 3288 504 3345 in
518 3289 604 3346 rebus
623 3288 769 3346 labentem
788 3288 833 3345 vel
854 3288 950 3363 potius
964 3298 1095 3346 ruentem

156 3383 326 3461 Pompeium
340 3392 489 3462 tamquam
504 3402 578 3443 unus
589 3385 776 3462 manipularis
791 3395 906 3444 secutus
921 3385 984 3445 sim.
1026 3385 1096 3445 Vidi
