2392 3848
147 160 191 249 56·
383 210 390 220 .
430 176 467 231 M.
489 178 607 228 rurzrr
625 163 817 230 oronnoms'
858 162 863 168 ’
976 172 1046 256 [aaa
1057 184 1087 234 11.

147 331 311 410 perturbati.
352 329 503 395 Praeterea
522 346 588 395 sunt
601 338 745 412 quaedam
765 338 935 410 domestica,
951 359 1027 416 quae
1046 341 1088 398 lit·

148 432 215 488 teris
234 449 294 488 non
314 434 471 492 committo.
523 433 561 505 Q.
587 434 703 493 fratrem
723 436 829 512 insigni
848 435 964 511 pietate,
978 439 1089 508 virtute,

148 527 205 584 fide
219 529 380 603 praeditum
395 531 436 588 sic
450 549 525 603 amo,
538 541 570 589 ut
584 532 688 590 debeo.
729 531 775 590 Te
790 541 928 608 exspecto
943 543 973 591 et
986 551 1039 592 oro
1058 542 1097 592 ut'

148 635 274 684 matures
294 628 390 685 venire
411 647 505 705 eoque
527 630 626 687 animo
647 629 755 699 venias,
775 639 807 688 ut
827 648 875 688 me
896 639 946 688 tuo
968 632 1090 690 consilio

148 740 233 798 egere
245 742 305 782 non
317 725 404 783 sinas.
445 726 570 784 Alterius
581 728 655 784 vitae
666 727 816 804 quoddam
826 727 938 785 initium
953 728 1090 787 ordimur.

148 815 212 876 Iam
224 819 351 895 quidam,
362 822 411 896 qui
425 841 481 880 nos
496 825 629 882 absentes
645 824 844 896 defenderunt,
856 825 999 899 incipiunt
1010 842 1091 899 prae-

150 917 279 975 sentibus
304 919 417 977 occulte
442 920 534 992 irasci,
558 932 655 999 aperte
682 921 825 980 invidere:
855 921 1041 980 vehementer
1064 933 1092 980 te

149 1014 329 1092 requirimus.

363 1182 410 1239 21.
452 1177 509 1240 AD
530 1178 784 1262 FAMILIARES
805 1179 828 1241 1.
854 1196 974 1300 κῆρ
1012 1215 1016 1219 -

562 1254 567 1277 i
574 1259 582 1279 ¹.

272 1289 337 1351 Sca.
359 1291 468 1351 Rounu
490 1264 760 1352 In1nlsf²1munns
781 1313 865 1354 nuc.
890 1296 959 1371 698.

339 1415 369 1455 u.
393 1416 608 1457 crenaos.n.1›.
632 1418 768 1458 namuro
789 1419 901 1460 mocos.

196 1530 220 1570 1.
242 1512 307 1572 Eoo
332 1513 415 1570 omni
435 1513 531 1572 officio
552 1533 586 1572 ac
606 1515 703 1590 potius
724 1516 829 1591 pietate
851 1534 920 1590 erga
940 1525 971 1574 te
992 1516 1101 1576 ceteris

151 1611 219 1668 satis
235 1609 309 1668 sacio
323 1611 467 1682 omnibus,
479 1611 549 1669 mihi
564 1613 626 1687 ipse
640 1631 800 1688 numquam
815 1614 883 1671 satis
898 1613 992 1685 sacio;
1013 1624 1093 1672 tanta

151 1709 229 1764 enim
250 1708 421 1783 magnitudo
441 1718 484 1766 est
503 1719 619 1767 tuorum
638 1728 706 1784 erga
720 1729 767 1769 me
778 1711 955 1781 meritorum,
970 1722 1010 1781 ut,
1025 1713 1094 1787 quia

151 1813 182 1861 tu
204 1806 260 1862 nisi
281 1804 406 1880 perlecta
426 1825 457 1863 re
477 1805 513 1864 de
532 1824 579 1865 me
601 1826 661 1865 non
679 1809 848 1883 conquiesti,
863 1826 928 1884 ego,
944 1810 1012 1885 quia
1031 1827 1093 1866 non

151 1901 229 1958 idem
244 1903 273 1959 in
287 1913 336 1960 tua
350 1920 438 1960 causa
451 1903 553 1972 efficio,
567 1904 654 1960 vitam
672 1904 742 1960 mihi
757 1922 821 1962 esse
835 1905 970 1962 acerbam
984 1912 1092 1980 putem.
1105 1961 1114 1976 ,

152 1996 188 2054 In
203 2016 290 2056 causa
313 1999 385 2056 haec
410 2008 495 2057 sunt:
522 1999 728 2072 Hammonius,
752 2002 829 2076 regis
853 2001 973 2076 legatus,
996 2013 1093 2077 aperte

151 2096 275 2170 pecunia
289 2114 343 2154 nos
357 2106 528 2172 oppugnat;
549 2116 596 2155 res
615 2099 708 2172 agitur
723 2117 775 2174 per
789 2099 909 2157 eosdem
928 2099 1092 2171 creditores,

152 2212 204 2269 per
223 2212 305 2270 quos,
328 2213 395 2252 cum
412 2205 443 2251 tu
462 2195 571 2264 aderas,
589 2196 737 2269 agebatur.
780 2195 870 2272 Regis
892 2215 979 2254 causa
1000 2197 1024 2255 si
1045 2198 1094 2273 qui

153 2302 220 2349 sunt
234 2292 284 2366 qui
298 2293 393 2362 velint,
408 2292 457 2367 qui
472 2293 557 2368 pauci
572 2301 647 2361 sunt,
661 2310 765 2350 omnes
784 2313 846 2351 rem
866 2294 903 2351 ad
921 2293 1103 2370 Pompeium

152 2389 255 2448 deferri
266 2389 366 2447 volunt
374 2410 382 2462 3
398 2399 514 2448 senatus
523 2389 669 2464 religionis
681 2390 856 2448 calumniam
870 2409 932 2449 non
947 2392 1093 2467 religione,

152 2487 205 2545 sed
226 2486 426 2545 malevolentia
447 2496 475 2545 et
497 2486 570 2545 illius
591 2487 687 2562 regiae
708 2487 867 2563 largitionis
889 2488 996 2546 invidia
1013 2487 1104 2546 'com-¹

109 2566 141 2641 1¹¹&
152 2587 265 2661 probat.
309 2603 337 2642 2.
360 2584 533 2659 Pompeium
554 2595 583 2642 et
601 2585 707 2642 hortari
722 2595 750 2642 et
764 2603 855 2656 orare,
874 2585 960 2643 etiarn
979 2585 1094 2644 liberius

153 2700 288 2742 accusare
315 2692 345 2740 et
371 2700 499 2752 monere,
528 2692 559 2739 ut
587 2701 724 2757 magnam
746 2682 894 2739 infamiam
915 2683 1012 2757 fugiat,
1034 2675 1105 2741 non'

153 2781 318 2841 desistimus
328 2799 337 2852 ;
360 2780 411 2837 sed
430 2779 515 2855 plane
529 2798 590 2837 ¹nec
610 2780 742 2854 precibus
762 2781 868 2837 nostris
888 2794 943 2838 nec
964 2781 1095 2839 admoni-

152 2879 279 2938 tionibus
293 2878 426 2954 relinquit
437 2878 551 2936 locum:
566 2896 635 2935 narn
647 2897 713 2936 cum
724 2879 755 2934 in
766 2896 902 2935 sermone
916 2880 1095 2953 quotidiano,

153 2987 215 3035 tum
239 2978 270 3035 in
294 2986 397 3036 senatu
420 2976 516 3053 palam
542 2977 583 3034 sic
605 2977 664 3052 egit
688 2995 805 3034 causam
830 2987 918 3046 tuam,
943 2987 975 3034 ut
1001 2997 1096 3053 neque

154 3075 320 3151 eloquentia
348 3075 456 3133 maiore
489 3075 642 3149 quisquam
670 3086 729 3132 nec‘
753 3075 891 3148 gravitate
919 3093 974 3132 nec
1002 3077 1105 3135 studio'

116 3243 118 3247 Ι
153 3191 208 3230 nec
228 3174 414 3231 contentione
433 3190 519 3247 agere
538 3173 671 3247 potuerit,
687 3190 755 3230 cum
770 3189 883 3229 summa
897 3168 1107 3232 testificatione*

153 3280 267 3328 tuorum
287 3271 317 3327 in
335 3289 367 3329 se
385 3271 546 3329 officiorum
565 3281 594 3328 et
616 3271 722 3328 amoris
743 3288 811 3344 erga
829 3280 857 3327 te
877 3271 926 3327 sui.
972 3269 1095 3329 Marcel·

152 3364 242 3424 linum
264 3365 314 3423 tibi
335 3383 400 3424 esse
419 3365 521 3423 iratum
543 3363 614 3423 scis:
636 3363 661 3422 is
682 3363 742 3420 bac
763 3363 843 3437 regia
864 3381 952 3422 causa
974 3375 1096 3441 excepta
