2392 3848
81 215 126 300 36
362 229 401 280 rr.
424 230 545 278 rurrrr
558 230 757 279 cronnorvrs
931 217 1027 301 [rarsi.

83 388 214 464 potuisse
234 387 308 446 dici:
330 387 357 446 ei
375 397 404 446 te
423 387 480 446 hoc
499 388 623 448 scribere
642 407 660 446 a
680 407 727 447 me
748 388 800 447 tibi
820 406 885 448 esse
906 390 1028 447 missum

85 502 156 542 sane
171 485 246 542 volo.
291 503 318 541 2.
342 484 402 542 Sed
416 484 486 561 quid
501 495 531 543 tu
546 486 674 544 scribas?
688 504 776 561 quem
791 485 849 544 iam
863 504 919 562 ego
930 487 1028 544 venire

83 588 170 657 atque
195 580 299 638 adesse
324 582 446 640 arbitror
453 602 461 655 ;
484 583 524 640 ita
544 583 623 640 enim
644 583 691 658 egi
712 591 808 641 tecum
831 584 1027 658 superioribus

83 677 191 737 litteris.
233 678 329 737 Valde
357 690 385 738 te
414 689 560 756 exspecto
582 679 664 738 valde
689 680 831 749 desidem,
852 699 947 756 neque
970 699 1027 755 ego
1068 702 1071 708 Δ

83 776 187 850 magis,
201 795 290 852 quam
304 777 367 852 ipsa
381 795 428 835 res
443 787 472 836 et
488 788 603 854 tempus
623 779 726 853 poscit.
769 777 826 836 His
846 778 882 836 de
901 779 1027 852 negotiis

85 873 155 950 quid
177 875 302 934 scribam
324 875 361 933 ad
382 886 419 945 te,
441 875 496 933 nisi
517 875 603 946 idem,
625 876 706 950 quod
731 877 838 951 saepe?
859 877 1028 951 republica

84 971 156 1029 nihil
167 972 353 1048 desperatius,
365 973 407 1045 iis,
417 990 541 1048 quorum
553 991 650 1048 opera,
659 973 730 1031 nihil
740 975 848 1032 maiore
859 975 928 1031 odio
941 994 947 1030 :
961 992 1026 1043 nos

83 1079 114 1128 ut
136 1070 236 1147 opinio
258 1079 287 1128 et
311 1088 378 1146 spes
404 1078 433 1128 et
458 1070 631 1128 coniectura·
646 1079 746 1128 nostra
773 1069 835 1141 sert,
862 1070 1027 1130 firmissima

83 1167 285 1225 benevolentia
306 1165 459 1224 hominum
483 1167 586 1224 muniti
609 1185 718 1225 sumus.
759 1167 827 1239 Qua
850 1187 882 1226 re
906 1168 1025 1227 advola:

84 1273 132 1323 aut
146 1264 286 1340 expedies
301 1281 357 1322 nos
372 1264 454 1322 omni
468 1263 599 1322 molestia
618 1273 667 1322 aut
685 1264 740 1322 eris
759 1266 911 1341 particeps.
954 1265 1026 1324 Ideo

85 1379 150 1419 sum
164 1362 286 1431 brevior,
296 1362 385 1437 quod,
397 1371 429 1419 ut
443 1379 538 1438 spem,
550 1378 649 1420 coram
663 1362 742 1421 brevi
753 1372 884 1440 tempore
895 1363 1027 1423 conferre

85 1477 160 1536 quae
175 1459 310 1517 volumus
323 1458 429 1518 licebit.
471 1458 549 1518 Cura
562 1469 594 1517 ut
607 1459 712 1518 valeas.

215 1641 260 1701 15.
288 1626 359 1686 ‘AD
381 1626 581 1700 QUINTUM
602 1627 805 1686 FRATREM
826 1629 849 1688 Ι.
867 1647 893 1688 2.

277 1733 344 1794 sen.
366 1752 459 1792 iriense
480 1732 649 1806 Novsuoru,
670 1752 753 1794 nuc.
775 1697 904 1810 695.>lq

365 1859 480 1901 MARCUS
500 1859 609 1908 oumro
630 1859 745 1899 rnnrrrr,
771 1829 921 1939 pb-Qsss

131 1965 155 2005 1.
184 1945 310 2005 Srnrrus
332 1946 369 2005 ad
386 1948 526 2005 mevenit
544 1965 570 2005 a.
586 1946 614 2004 d.
628 1965 688 2004 vur.
704 1947 742 2004 K.
758 1946 916 2008 Novembr.
958 1949 1029 2007 Eius

17 2066 46 2139 ‘p
88 2044 236 2116 adventus,
252 2044 332 2120 quod
346 2045 385 2102 ita
402 2045 548 2120 scripsisti,
564 2045 707 2127 direptum
722 2045 755 2102 iri
769 2054 796 2103 te
811 2063 828 2102 a
842 2047 904 2116 tuis,
921 2047 990 2105 dum
1004 2049 1029 2105 is

90 2144 212 2214 abesset,
230 2142 369 2201 molestus
387 2142 458 2199 mihi
477 2141 545 2212 fuit;
569 2142 648 2217 quod
667 2152 764 2200 autem
783 2146 1030 2218 exspectationem

90 2241 134 2298 sui
157 2256 390 2315 concursumque
413 2257 488 2308 eum,
511 2239 560 2313 qui
585 2248 646 2296 erat
669 2237 788 2309 futurus,
810 2241 835 2297 si
855 2258 913 2298 una
933 2252 1030 2299 tecum

90 2338 244 2396 decederet
265 2355 360 2414 neque
381 2346 466 2395 antea
486 2336 562 2394 visus
584 2345 667 2406 esset,
688 2336 807 2407 sustulit,
827 2338 857 2395 id
876 2340 947 2396 mihi
968 2357 1030 2397 non

88 2434 280 2494 incommode
307 2434 401 2493 visum
430 2443 473 2492 est
500 2433 655 2491 accidisse:
691 2433 848 2492 exhaustus
880 2446 925 2494 est
952 2437 1030 2495 enim

89 2547 186 2590 sermo
200 2529 356 2588 hominurn
371 2537 399 2588 et
412 2530 518 2587 multae
539 2529 661 2587 emissae
678 2529 736 2587 iam
755 2531 816 2589 eius
835 2533 916 2590 modi
934 2551 1029 2606 voces,

88 2631 147 2684 ἀλλ’
170 2630 219 2684 αἰεί
240 2652 296 2683 τινα
316 2633 391 2699 φῶτα
412 2630 501 2701 μέγαν·
518 2645 592 2702 quae
616 2638 644 2685 te
668 2629 788 2685 absente
811 2628 944 2688 conlecta
966 2648 1030 2688 esse

88 2729 187 2787 laetor.
232 2744 258 2784 2.
278 2725 369 2797 Quod
383 2735 478 2784 autern
494 2725 600 2784 idcirco
615 2735 674 2783 ate
688 2726 793 2783 missus
808 2736 859 2798 est,
870 2728 940 2785 mihi
954 2740 985 2787 ut
999 2747 1030 2788 se

90 2834 235 2903 purgaret,
246 2825 277 2883 id
290 2842 411 2882 necesse
425 2825 544 2881 minime
558 2823 626 2880 fuit:
641 2825 767 2899 primum
781 2824 859 2882 enim
871 2843 1031 2903 numquam

89 2923 136 2982 ille
150 2923 221 2979 mihi
235 2921 289 2980 fuit
304 2931 464 2997 suspectus,
476 2940 571 2998 neque
582 2939 646 2996 ego,
661 2939 735 2997 quae
747 2921 784 2979 ad
795 2931 823 2980 te
834 2922 871 2980 de
882 2923 931 2981 illo
942 2924 1031 3000 scrip-

91 3021 123 3090 si,
138 3019 241 3095 scripsi
261 3036 329 3076 meo
351 3018 464 3088 iudicio,
487 3019 539 3076 sed
560 3037 626 3076 cum
648 3018 721 3075 ratio
743 3018 878 3096 salusque
899 3021 1032 3080 omnium

89 3128 230 3188 nostrum,
245 3116 295 3192 qui
318 3116 355 3174 ad
379 3134 440 3173 rem
465 3115 612 3192 publicam
636 3115 809 3187 accedimus,
830 3135 891 3175 non
915 3119 1032 3177 veritate

90 3215 192 3286 solum,
208 3215 260 3275 sed
278 3215 364 3273 etiam
383 3214 460 3272 fama
479 3215 624 3284 niteretur,
640 3232 789 3273 sermones
808 3215 846 3273 ad
862 3225 891 3274 te
910 3216 1033 3276 aliorum

92 3332 216 3388 semper,
237 3331 298 3370 non
322 3331 388 3370 mea
410 3312 515 3370 iudicia
538 3311 690 3389 perscripsi
701 3330 709 3384 ;
730 3313 781 3387 qui
805 3313 922 3389 quidem
943 3332 1033 3391 quam

90 3410 257 3490 frequentes
285 3419 383 3471 essent
404 3421 432 3472 et
455 3428 543 3489 quarn
566 3428 676 3487 graves,
700 3410 825 3471 adventu
849 3429 903 3472 suo
926 3411 1034 3475 Statius
