2392 3848
125 218 169 283 nn
185 202 244 287 μ]
296 217 412 267 nurse.
433 214 484 266 nn
503 214 726 265 nnurrrnnns
745 216 821 265 rvr.
847 219 896 269 12.
1010 218 1071 286 133

122 372 303 450 Accepimus
320 372 517 444 condiciones,
531 373 584 432 sed
597 372 644 441 ita,
658 381 690 431 ut
707 381 854 431 removeat
873 370 1018 447 praesidia
1031 388 1068 430 ex

122 470 157 529 iis
170 470 253 541 locis,
267 488 342 547 quae
356 471 515 545 occupavit,
531 478 563 528 ut
577 469 637 528 sine
651 479 731 527 metu
746 470 782 527 de
796 468 840 526 his
854 469 925 544 ipsis
939 467 1067 526 condici-

122 569 231 627 onibus
244 566 360 626 Romae
374 578 492 626 senatus
505 567 604 626 haberi
619 568 719 643 possit.
762 585 789 639 4.
811 566 847 624 Id
860 565 907 623 ille
921 565 945 624 si
960 563 1067 635 iecerit,

122 682 191 741 spes
210 674 255 723 est
274 665 364 740 pacis,
379 682 440 722 non
453 663 713 740 honestae—leges
731 664 810 722 enim
830 665 1067 740 imponuntur-,

121 762 176 823 sed
199 761 312 839 quidvis
335 771 379 820 est
402 761 505 820 melius
529 780 619 837 quam
645 763 687 822 sic
715 780 779 821 esse
804 771 835 820 ut
862 777 972 819 sumus.
1015 756 1067 816 Sin

121 869 223 919 antem
237 859 283 917 ille
302 859 361 917 suis
381 859 602 919 condicionibus
618 869 692 918 stare
712 859 843 931 noluerit,
858 859 966 917 bellum
984 873 1069 931 para·

121 966 186 1015 turn
200 966 254 1029 est,
268 957 330 1015 eius
344 956 425 1014 modi
442 965 549 1027 tamen,
564 958 645 1032 quod
665 957 805 1016 sustinere
825 956 871 1014 ille
890 972 952 1013 non
966 953 1068 1030 possit,

120 1055 294 1131 praesertim
308 1071 376 1112 cum
395 1072 413 1112 a
431 1054 491 1112 suis
509 1055 730 1113 condicionibus
751 1055 813 1130 ipse
828 1053 941 1129 fugerit,
957 1061 1070 1110 tantum

121 1152 216 1211 modo
240 1161 273 1210 ut
292 1168 360 1210 eum
381 1151 614 1222 intercludamus,
636 1170 674 1210 ne
694 1151 732 1209 ad
752 1152 854 1209 urbem
875 1151 966 1226 possit
986 1165 1069 1207 acce-

122 1249 202 1321 dere,
217 1249 298 1325 quod
312 1250 501 1325 sperabamus
515 1250 576 1307 fieri
591 1267 678 1327 posse
686 1269 694 1322 ;
717 1249 837 1308 dilectus
851 1249 930 1307 enim
944 1262 1069 1322 magnos

122 1345 304 1406 habebamus
318 1348 551 1423 putabamusque
565 1347 645 1404 illum
659 1357 795 1412 metuere,
811 1347 835 1405 si
856 1346 893 1405 ad
912 1347 1013 1403 urbem
1027 1343 1069 1400 ire

122 1446 277 1521 coepisset,
297 1462 335 1503 ne
357 1443 466 1502 Gallias
487 1445 638 1516 amitteret,
654 1462 726 1520 quas
748 1445 849 1502 ambas
871 1442 957 1501 habet
975 1441 1069 1500 inimi-

123 1540 257 1600 cissimas
289 1551 402 1617 praeter
434 1540 672 1616 Transpadanos,
707 1558 744 1598 ex
780 1540 982 1615 Hispaniaque
1017 1555 1069 1595 sex

122 1637 257 1714 legiones
284 1649 313 1697 et
339 1656 449 1715 magna
476 1639 581 1697 auxilia
605 1638 726 1696 Afranio
754 1647 784 1696 et
804 1637 919 1696 Petreio
947 1636 1069 1694 ducibus

123 1736 253 1795 habeta
273 1745 371 1812 tergo:
393 1737 511 1808 videtur,
527 1737 551 1795 si
571 1737 702 1808 insaniet,
717 1754 805 1812 posse
826 1734 960 1812 opprimi,
978 1733 1069 1792 modo

123 1845 159 1895 ut
171 1836 243 1893 urbe
257 1834 343 1893 salva.
384 1833 546 1893 Maximam
560 1844 657 1893 autern
670 1835 789 1911 plagam
806 1833 926 1908 accepit,
940 1832 1021 1907 quod
1034 1831 1068 1902 is,

124 1933 178 2011 qui
198 1950 344 1992 summam
364 1933 564 1990 auctoritatem
584 1934 615 1990 in
635 1933 709 1990 illius
731 1931 857 1990 exercitu
876 1929 1010 1999 habebat,
1031 1927 1069 1987 T.

124 2028 283 2100 Labienus,
298 2029 393 2088 socius
408 2028 521 2087 sceleris
536 2048 600 2088 esse
619 2030 731 2088 noluit:
752 2029 865 2105 reliquit
886 2026 965 2085 illum
983 2035 1012 2084 et
1031 2032 1072 2082 ert

123 2128 291 2198 nobiscum,
305 2127 444 2202 multique
465 2126 542 2184 idem
564 2127 665 2185 facturi
685 2145 750 2185 esse
770 2128 912 2186 dicuntur.
955 2137 981 2196 5.
1002 2121 1069 2196 Ego

124 2224 224 2285 adhuc
238 2241 308 2282 orae
320 2222 478 2281 maritimae
492 2241 628 2299 praesum
643 2223 802 2282 aFormiis
843 2220 963 2278 Nullum
976 2221 1071 2278 maius

124 2321 280 2398 negotium
307 2319 453 2395 suscipere
480 2320 566 2391 volui,
594 2338 654 2396 qno
682 2320 748 2396 plus
776 2319 855 2395 apud
881 2318 960 2376 illum
987 2335 1071 2376 meae

124 2420 239 2481 litterae
260 2418 534 2495 cohortationesque
556 2417 593 2475 ad
617 2435 720 2494 pacem
742 2417 884 2487 valerent3
910 2416 1072 2474 sinautem

125 2518 182 2579 erit
195 2518 313 2588 bellum,
326 2516 411 2574 video
425 2534 472 2574 me
487 2516 587 2574 castris
605 2523 634 2573 et
653 2515 737 2572 certis
751 2514 912 2589 legionibus
927 2512 1072 2587 praefutu-

125 2634 202 2677 rum.
251 2614 358 2672 Habeo
386 2614 473 2671 etiarn
500 2613 578 2670 illam
613 2611 784 2681 molestiam,
813 2611 894 2686 quod
920 2608 1072 2668 Dolabella

125 2723 230 2774 noster
253 2710 332 2786 apud
354 2709 510 2769 Caesarem
533 2719 585 2768 est.
626 2707 711 2767 Haec
733 2708 785 2766 tibi
806 2717 877 2766 nota
899 2724 964 2764 esse
986 2704 1070 2774 volui,

126 2828 205 2889 quae
229 2825 299 2867 cave
325 2825 362 2865 ne
390 2817 418 2866 te
445 2807 613 2882 perturbent
641 2815 670 2865 et
696 2806 856 2881 impediant
879 2803 1073 2861 valetudinem

126 2920 219 2969 tuam.
261 2907 288 2964 6.
309 2902 375 2981 Ego
389 2905 425 2962 A.
437 2904 569 2973 Varroni,
584 2922 672 2979 quern
688 2922 755 2961 cum
770 2902 1000 2960 amantissimum
1014 2898 1073 2956 mei

127 3003 265 3083 cognovi,
278 3012 340 3061 tum
355 3001 442 3059 etiarn
455 3000 538 3058 valde
558 3001 599 3058 tui
620 3000 790 3069 studiosum,
806 2997 1022 3073 diligentissime
1044 2988 1074 3054 te

127 3099 342 3168 commendavi,
363 3108 395 3156 ut
415 3108 444 3156 et
464 3097 633 3156 valetudinis
657 3106 724 3155 tuae
744 3096 886 3154 rationem
906 3093 1025 3151 haberet
1046 3102 1075 3151 et

128 3196 322 3275 navigationis
347 3204 493 3253 ettotam
517 3203 545 3252 te
570 3196 728 3271 susciperet
752 3213 786 3252 ac
814 3201 957 3252 tueretur:
985 3208 1074 3265 quem

129 3295 231 3359 omnia
244 3293 387 3351 facturum
402 3289 537 3361 confid0;
559 3292 667 3366 recepit
684 3292 762 3348 enim
782 3300 810 3348 et
827 3306 942 3348 mecum
962 3287 1075 3345 locutus

129 3403 178 3457 est
193 3389 372 3453 suavissime.
413 3387 471 3459 Tu,
493 3389 632 3464 quoniam
654 3405 691 3447 eo
715 3398 847 3465 ternpore
870 3403 987 3444 mecum
1010 3399 1075 3442 esse
