2392 3848
58 211 102 274 sp.
114 223 168 272 144,
182 191 246 277 14⁵·]
268 205 381 254 rerer.
396 204 446 253 An
458 202 685 253 rxnrrrxxns
699 204 748 252 xr.
768 206 801 274 13
821 218 845 252 a.
940 202 1000 270 273

57 355 264 417 incolumitatis
279 373 398 414 causam
413 354 567 430 suscipere,
582 364 614 411 ut
627 372 694 411 vere
709 352 812 421 dicam,
827 351 931 426 coe'git.
976 369 1003 409 a.

58 454 96 514 In
109 473 167 532 qua
181 472 212 511 re
225 471 283 529 ego
297 471 357 522 vos,
370 463 466 528 patres
481 453 646 528 conscripti,
658 469 711 510 oro
726 461 812 524 atque
827 450 959 518 obsecre,
973 460 1005 506 ut

57 552 175 629 privatis
188 550 400 609 offensionibus
415 550 530 608 omissis
547 567 679 608 summae
694 548 734 606 rei
748 547 880 623 publicae
900 563 1005 603 consu·

58 650 123 708 latis
145 667 219 707 neve
243 646 471 705 misericordiam
493 657 624 705 nostram
645 645 843 720 exercitusque
864 643 954 702 nostri
974 643 1004 699 in

58 747 133 806 civili
156 745 337 804 dissensione
359 745 472 803 sceleris
493 744 559 803 loco
580 745 704 821 ponatis.
748 742 838 814 Quod
861 742 885 800 si
906 741 1005 799 salutis

58 845 192 903 omnium
209 861 244 901 ae
262 842 408 918 dignitatis
423 842 564 899 rationem
577 842 742 910 habueritis,
756 840 859 898 melius
880 848 909 896 et
923 837 1005 894 vobis

58 951 89 1000 et
108 941 150 1000 rei
170 939 302 1016 publicae
324 939 489 998 consuletis.
531 938 568 997 D.
582 957 623 997 111.
639 938 706 996 Kal.
721 936 786 995 Iun.
802 955 820 994 a
838 936 932 995 Ponte
954 935 1006 992 Ar-

57 1047 176 1115 genteo.

222 1197 288 1251 145.
329 1188 387 1249 AD
409 1191 660 1250 FAMILIARES
682 1192 734 1250 XI.
760 1212 795 1268 13
817 1211 843 1253 a.

158 1327 186 1367 D.
207 1324 320 1366 BRUTUS
344 1325 402 1364 ῙΜΡ.
425 1323 483 1365 COS.
506 1325 596 1365 DESIG.
619 1325 642 1365 S.
663 1326 691 1365 D·
713 1325 743 1365 M.
767 1323 909 1366 CICERONI.

105 1442 130 1482 1.
151 1422 210 1480 Ixu
230 1438 292 1478 non
313 1437 371 1495 ago
391 1420 442 1476 tibi
462 1421 586 1494 gratiam
612 1421 658 1479 cui
679 1422 756 1479 enim
781 1440 811 1479 re
832 1421 880 1477 vix
901 1417 1005 1477 referre

58 1539 190 1600 possum,
205 1520 273 1577 huic
287 1519 380 1577 verbis
401 1535 463 1574 non
482 1519 587 1593 patitur
608 1536 654 1576 res
675 1517 837 1575 satisfieri:
859 1517 1005 1574 attendere

58 1630 89 1691 te
106 1617 182 1688 volo,
204 1633 279 1691 quae
300 1615 330 1671 in
351 1615 485 1672 manibus
507 1625 591 1685 sunt;
614 1633 672 1690 qua
693 1616 771 1672 enim
792 1614 944 1690 prudentia
964 1631 1005 1681 es,

58 1715 131 1775 nihil
151 1725 180 1773 te
201 1713 300 1790 fugiet,
315 1713 339 1770 si
364 1729 444 1770 meas
466 1712 573 1770 litteras
593 1713 743 1788 diligenter
763 1712 874 1788 legeris.
918 1710 1005 1785 Sequi

59 1811 216 1874 confestim
240 1809 404 1868 Antonium
427 1809 472 1868 his
495 1810 532 1868 de
557 1811 659 1881 causis,
681 1810 794 1879 Cicero,
820 1827 881 1868 non
906 1808 1004 1884 potui:

59 1928 141 1970 eram
177 1909 239 1966 sine
269 1907 421 1983 equitibus,
452 1907 513 1965 sine
547 1909 699 1980 iumentis3
736 1906 864 1964 Hirtium
897 1905 1006 1981 perisse

60 2009 229 2068 nesciebam
237 2025 245 2077 ;
268 2004 385 2063 Caesari
400 2022 460 2061 non
475 2006 629 2062 credebam
644 2007 731 2082 prius,
746 2023 836 2081 quam
855 2005 1005 2062 convenis·

60 2123 125 2164 sem
146 2115 175 2162 et
195 2103 356 2161 collocutus
378 2119 482 2160 essem.
527 2121 552 2160 a.
575 2102 633 2161 Hic
655 2103 716 2161 dies
737 2103 793 2161 hoc
816 2101 907 2159 modo
928 2102 1005 2159 abiit.

60 2202 184 2261 Postero
213 2201 260 2258 die
288 2217 373 2256 mane
402 2199 538 2257 aPansa
565 2218 631 2258 sum
658 2201 810 2259 arcessitus
832 2199 1006 2258 Bononiam.

61 2299 141 2359 Cum
159 2299 189 2356 in
207 2299 307 2355 itinere
325 2315 429 2366 essem,
447 2298 608 2355 nuntiatum
625 2297 696 2356 mihi
715 2308 759 2356 est
775 2317 843 2356 eum
859 2307 1007 2356 mortuum

61 2416 136 2459 esse.
178 2396 300 2454 Recurri
319 2394 357 2453 ad
374 2412 454 2453 meas
477 2395 624 2470 copiolas;
646 2397 687 2455 sic
708 2396 786 2454 enim
800 2415 865 2454 vere
886 2415 936 2454 eas
956 2414 1008 2471 ap-

60 2495 170 2573 pellare
189 2510 328 2569 possum:
351 2501 417 2549 sunt
435 2494 687 2551 extenuatissimae
709 2505 738 2552 et
756 2493 857 2569 inopia
876 2494 1008 2551 omnium

60 2610 159 2650 rerum
173 2591 300 2667 pessime
313 2598 459 2665 acceptae.
501 2588 597 2648 Biduo
617 2609 664 2649 me
679 2591 825 2649 Antonius
846 2592 1007 2658 antecessit,

60 2690 165 2750 itinera
176 2687 269 2745 multo
283 2686 393 2744 maiora
404 2685 516 2760 lugiens
531 2705 618 2762 quam
634 2705 691 2762 ego
706 2706 847 2765 sequens:
868 2688 913 2745 ille
928 2689 1007 2746 enim

60 2788 92 2846 iit
124 2785 242 2861 passim,
271 2800 327 2858 ego
363 2783 524 2841 ordinatim.
568 2783 763 2860 Quacumque
797 2786 836 2857 iit,
864 2786 1009 2862 ergastula

60 2883 155 2952 solvit,
171 2881 306 2939 homines
321 2880 451 2955 adripuit,
468 2882 594 2938 constitit
608 2901 752 2959 nusquam
767 2885 852 2960 prius,
868 2903 956 2960 quarn
971 2886 1008 2943 ad

60 2980 148 3040 Vada
162 2979 240 3036 venit
248 2996 256 3047 ;
279 2994 367 3050 quem
381 2977 478 3035 locum
489 2977 554 3035 volo
569 2979 620 3036 tibi
635 2999 698 3039 esse
712 2991 829 3040 notum:
851 2983 924 3041 iacet
935 2984 1009 3041 inter

60 3076 275 3155 Appenninum
287 3084 316 3131 et
327 3073 426 3150 Alpes,
436 3074 661 3149 inpeditissimus
671 3078 707 3135 ad
718 3080 770 3137 iter
780 3079 954 3139 faciendum.
981 3101 1006 3156 3.

61 3174 140 3234 Cum
154 3173 288 3230 abessem
304 3172 340 3228 ab
354 3189 390 3229 eo
404 3170 482 3228 milia
495 3189 633 3246 passuum
648 3193 713 3232 xxx.
728 3185 756 3234 et
770 3194 802 3235 se
815 3177 913 3234 eiiam
927 3177 1006 3235 Ven-

62 3271 151 3328 tidius
172 3268 379 3338 coniunxisset,
396 3269 494 3326 contio
516 3270 576 3328 eius
597 3272 634 3328 ad
655 3290 702 3328 me
723 3282 767 3330 est
787 3273 890 3343 adlata,
905 3275 934 3330 in
949 3294 1007 3350 qua

62 3377 163 3444 petere
183 3366 280 3442 coepit
295 3383 312 3424 a
333 3366 478 3437 militibus,
496 3375 527 3424 ut
546 3385 577 3426 se
598 3378 677 3427 trans
691 3368 781 3446 Alpes
799 3382 1005 3448 sequerentur;

526 3480 547 3524 'l'
