2392 3848
125 206 172 273 sp.
189 193 262 279 na]
343 207 458 256 uersu.
480 207 530 256 Au
550 207 716 256 Arrrcorv
735 207 809 255 rvr.
833 211 862 275 7.
1007 208 1071 277 239

125 354 293 431 prudenter,
314 364 412 413 tamen
435 357 574 428 ἀνεμέσιῃα
597 365 672 428 sunt,
694 356 820 433 primum
842 351 922 431 quod
944 351 1070 413 demea

125 453 270 512 sententia
297 462 361 512 acta
389 465 464 525 sunt,
493 455 597 513 deinde
625 455 712 513 etiam
741 452 764 512 si
791 464 819 512 te
847 463 973 523 auctore,
998 452 1069 527 quid

125 550 214 609 debet
227 551 278 626 qui
292 551 445 609 consilium
461 551 509 610 dat
523 563 667 627 praestare
682 562 794 627 praeter
808 551 914 609 fidem?
951 569 977 624 3.
993 549 1069 609 Illud

124 646 261 706 admirari
275 649 344 707 satis
358 665 418 707 non
433 649 521 724 potui,
537 649 617 725 quod
636 649 774 724 scripsisti
791 648 835 706 his
850 647 960 705 verbis:
977 647 1069 704 ‘bene

123 744 212 821 igitur
225 754 265 816 tu,
280 746 329 822 qui
343 747 503 818 εὐθανασίαν,
516 748 592 806 bene
611 747 740 822 relinque
759 745 902 822 patriam!
943 744 992 801 An
1011 762 1068 819 ego

124 841 323 919 relinquebam
342 854 391 902 aut
411 843 462 901 tibi
483 854 544 901 tum
564 843 725 918 relinquere
746 843 882 901 videbar?
903 844 934 900 tu
954 842 985 902 id
1007 859 1069 899 non

124 939 217 999 modo
241 957 302 998 non
325 941 509 1015 prohibebas,
528 959 627 999 verum
651 941 739 999 etiam
759 939 951 1014 adprobabas.
994 938 1069 997 Gra-

124 1038 214 1108 viora,
228 1056 303 1114 quae
324 1048 449 1097 restant:
464 1039 566 1096 ‘velim
586 1043 696 1111 σχολιον
711 1037 830 1114 aliquod
843 1037 943 1095 elimes
958 1036 1068 1108 adme,

125 1135 289 1212 oportuisse
302 1145 331 1192 te
350 1135 424 1194 istuc
443 1135 555 1194 lacere!
598 1135 691 1206 Itane,
706 1136 746 1193 mi
760 1135 876 1193 Attice?
897 1134 1067 1193 defensione

126 1242 194 1308 eget
206 1250 305 1290 meum
319 1231 437 1302 lactum,
451 1233 620 1309 praesertim
636 1233 714 1309 apud
733 1244 769 1302 te,
784 1233 833 1308 qui
854 1231 884 1289 id
903 1230 1068 1289 mirabiliter

125 1330 312 1406 adprobasli?
355 1330 422 1408 Ego
440 1349 509 1389 vero
528 1333 616 1389 istum
636 1333 814 1404 ἀπολογισμὸν
835 1332 999 1400 συντάξομαι,
1016 1327 1068 1388 sed

126 1428 165 1487 ad
186 1445 287 1486 eorum
308 1429 442 1504 aliquem,
458 1429 563 1504 quibus
584 1429 678 1486 invitis
699 1438 727 1485 et
748 1426 980 1486 dissuadentibus
1001 1442 1068 1502 pro·

125 1523 219 1586 iectus
240 1543 319 1584 sum:
345 1527 398 1584 etsi
419 1525 488 1602 quid
509 1527 567 1583 iam
588 1543 663 1601 opus
684 1535 728 1583 est
748 1525 870 1600 σχολίῳί
892 1526 916 1581 si
937 1541 1069 1599 perseve-

126 1639 246 1693 rassem,
267 1640 343 1699 opus
370 1622 478 1681 fuisset.
522 1622 572 1680 ‘At
597 1621 654 1679 hoc
678 1622 773 1697 ipsum
799 1638 860 1678 non
884 1619 1068 1679 constanter?

127 1718 227 1779 Nemo
254 1721 357 1780 doctus
384 1721 655 1797 umquam-multa
683 1729 780 1777 autern
808 1719 844 1777 de
871 1717 929 1777 hoc
961 1737 1068 1795 genere

127 1819 235 1895 scripta
266 1821 564 1878 sunt-mutationem
597 1818 709 1876 consilii
744 1817 967 1875 inconstantiam
998 1817 1069 1875 dixit

127 1933 200 1976 esse.
250 1937 277 1989 4.
306 1916 453 1992 Deinceps
480 1917 566 1991 igitur
593 1915 684 1973 haec:
714 1919 800 1972 ‘narn
828 1913 852 1972 si
885 1932 902 1971 a
935 1913 1068 1973 Phaedro

91 2080 106 2095 ⁴
128 2023 230 2073 nostro
244 2026 328 2084 esset,
344 2015 478 2089 expedita
492 2015 641 2072 excusatio
656 2022 748 2071 esset:
771 2030 849 2069 nunc
863 2011 933 2087 quid
947 2030 1068 2090 respon·

128 2111 233 2171 demus
243 2113 266 2170 i'
283 2131 354 2188 ergo
368 2114 397 2171 id
412 2123 473 2171 erat
486 2130 584 2170 meum
600 2111 716 2182 factum,
731 2110 810 2186 quod
825 2108 931 2168 Catoni
945 2111 1069 2186 probare

127 2226 190 2268 non
201 2211 338 2285 possem?
353 2210 452 2285 fiagitii
464 2210 571 2268 scilicet
585 2209 704 2286 plenum
718 2220 745 2268 et
760 2208 921 2266 dedecoris.
949 2207 1069 2267 Utinam

128 2325 147 2364 a
167 2307 263 2382 primo
283 2308 322 2365 ita
343 2308 393 2365 tibi
414 2317 490 2365 esset
510 2307 623 2364 visum?
650 2317 682 2364 tu
704 2306 783 2375 mihi,
804 2306 878 2364 sicut
898 2323 962 2363 esse
983 2305 1069 2378 soles,

128 2403 232 2462 fuisses
260 2403 342 2463 Cato,
390 2420 417 2477 5.
449 2404 620 2462 Extremum
647 2403 716 2462 illud
744 2403 789 2460 vel
816 2402 1069 2462 molestissimum:

129 2507 216 2559 ‘nam
237 2501 341 2560 Brutus
362 2513 461 2560 noster
482 2500 562 2572 silet,’
577 2501 634 2560 hoc
656 2511 708 2570 est,
730 2519 791 2558 non
813 2499 900 2558 audet
920 2499 1069 2559 hominem

126 2598 158 2659 id
186 2599 286 2657 aetatis
313 2617 442 2657 monere.
484 2599 572 2657 Aliud
599 2598 668 2656 nihil
696 2599 801 2670 habeo,
827 2598 907 2673 quod
934 2599 969 2656 iis
997 2617 1014 2656 a
1041 2610 1068 2657 te

127 2697 223 2754 verbis
250 2697 403 2772 significari
431 2706 539 2772 putem,
561 2708 590 2753 et
613 2695 727 2754 hercule
752 2697 791 2754 ita
816 2709 867 2754 est.
910 2695 987 2753 Nam
1012 2715 1069 2755 xvr.

127 2793 196 2854 Kal.
219 2793 297 2870 Sept.
321 2812 387 2852 cum
416 2795 558 2851 venissem
584 2793 706 2862 Veliam,
728 2792 833 2851 Brutus
858 2794 979 2864 audivit;
1009 2807 1070 2853 erat

127 2893 206 2951 enim
235 2910 301 2950 cum
330 2893 389 2950 suis
417 2893 537 2950 navibus
565 2893 643 2969 apud
675 2890 811 2950 Haletem
843 2891 971 2960 fluvium,
1000 2892 1070 2951 citra

127 2987 244 3045 Veliam
269 2988 348 3045 milia
369 3006 507 3063 passuum
528 3007 582 3059 1113
605 2987 729 3063 pedibus
754 2989 792 3046 ad
816 3006 864 3046 me
889 2988 1001 3046 statim:
1023 2988 1069 3046 dei

127 3085 313 3157 immortales,
333 3102 422 3161 quam
443 3086 524 3142 valde
545 3086 591 3142 ille
611 3085 704 3142 reditu
725 3084 769 3142 vel
789 3085 885 3160 potius
908 3086 1070 3145 reversione

127 3200 195 3240 mea
216 3182 336 3241 laetatus
357 3183 457 3242 effudit
478 3184 523 3240 illa
545 3185 651 3252 omnia,
667 3201 741 3259 quae
762 3185 905 3241 tacuerat!
924 3193 955 3241 ut
974 3202 1070 3242 recor-

128 3280 212 3338 darer
240 3280 310 3339 illud
338 3291 418 3338 tuum
441 3284 527 3338 ‘nam
556 3280 661 3339 Brutus
689 3290 787 3338 noster
816 3280 897 3338 silet!
941 3280 1070 3340 Maxime

129 3388 227 3436 autem
262 3378 378 3436 dolebat
410 3397 457 3437 me
491 3377 557 3437 Kal.
587 3378 664 3438 Sext
693 3378 723 3436 in
751 3389 853 3439 senatu
881 3396 942 3438 non
975 3378 1070 3439 luisse.
