<?xml version="1.0" encoding="UTF-8"?>
<!DOCTYPE html PUBLIC "-//W3C//DTD XHTML 1.0 Transitional//EN"
    "http://www.w3.org/TR/xhtml1/DTD/xhtml1-transitional.dtd">
<html xmlns="http://www.w3.org/1999/xhtml" xml:lang="en" lang="en">
 <head>
  <title>
</title>
<meta http-equiv="Content-Type" content="text/html;charset=utf-8" />
  <meta name='ocr-system' content='tesseract 3.04.00' />
  <meta name='ocr-capabilities' content='ocr_page ocr_carea ocr_par ocr_line ocrx_word'/>
</head>
<body>
  <div class='ocr_page' id='page_1' title='image "./epistolaeselect00cicegoog/epistolaeselect00cicegoog_0216.png"; bbox 0 0 2498 3840; ppageno 0'>
   <div class='ocr_carea' id='block_1_1' title="bbox 148 164 1088 259">
    <p class='ocr_par' dir='ltr' id='par_1_1' title="bbox 148 164 1088 259">
     <span class='ocr_line' id='line_1_1' title="bbox 148 164 1088 259; baseline 0 -26"><span class='ocrx_word' id='word_1_1' title='bbox 148 185 211 234; x_wconf 83' lang='lat'>200</span> <span class='ocrx_word' id='word_1_2' title='bbox 419 181 812 234; x_wconf 78' lang='lat' dir='ltr'>rr.rurrrrcrcunon1r</span> <span class='ocrx_word' id='word_1_3' title='bbox 965 164 1088 259; x_wconf 67' lang='lat' dir='ltr'>[rann.</span> 
     </span>
    </p>
   </div>
   <div class='ocr_carea' id='block_1_2' title="bbox 347 413 894 490">
    <p class='ocr_par' dir='ltr' id='par_1_2' title="bbox 347 413 894 490">
     <span class='ocr_line' id='line_1_2' title="bbox 347 413 894 490; baseline 0.004 -18"><span class='ocrx_word' id='word_1_4' title='bbox 347 417 395 472; x_wconf 89' lang='grc'>92.</span> <span class='ocrx_word' id='word_1_5' title='bbox 436 413 494 473; x_wconf 88' lang='grc' dir='ltr'>ΑΙ)</span> <span class='ocrx_word' id='word_1_6' title='bbox 515 415 766 476; x_wconf 86' lang='lat' dir='ltr'>FAMILIARES</span> <span class='ocrx_word' id='word_1_7' title='bbox 788 415 842 475; x_wconf 90' lang='lat' dir='ltr'>VI.</span> <span class='ocrx_word' id='word_1_8' title='bbox 866 427 894 490; x_wconf 84' lang='lat'>7.</span> 
     </span>
    </p>
   </div>
   <div class='ocr_carea' id='block_1_3' title="bbox 282 527 969 699">
    <p class='ocr_par' dir='ltr' id='par_1_3' title="bbox 282 527 969 699">
     <span class='ocr_line' id='line_1_3' title="bbox 282 527 969 608; baseline 0.001 -20"><span class='ocrx_word' id='word_1_9' title='bbox 282 527 347 589; x_wconf 81' lang='lat' dir='ltr'>Scn.</span> <span class='ocrx_word' id='word_1_10' title='bbox 362 549 393 589; x_wconf 79' lang='lat' dir='ltr'>nr</span> <span class='ocrx_word' id='word_1_11' title='bbox 414 528 524 592; x_wconf 75' lang='lat' dir='ltr'>Srcurn</span> <span class='ocrx_word' id='word_1_12' title='bbox 543 551 679 592; x_wconf 80' lang='lat' dir='ltr'>uxuurrru</span> <span class='ocrx_word' id='word_1_13' title='bbox 700 551 777 592; x_wconf 78' lang='lat' dir='ltr'>runo</span> <span class='ocrx_word' id='word_1_14' title='bbox 797 550 882 592; x_wconf 69' lang='lat' dir='ltr'>auc.</span> <span class='ocrx_word' id='word_1_15' title='bbox 899 532 969 608; x_wconf 86' lang='lat'><strong>708.</strong></span> 
     </span>
     <span class='ocr_line' id='line_1_4' title="bbox 403 655 846 699; baseline 0.009 -4"><span class='ocrx_word' id='word_1_16' title='bbox 403 655 526 698; x_wconf 73' lang='lat' dir='ltr'>crucum</span> <span class='ocrx_word' id='word_1_17' title='bbox 539 657 673 698; x_wconf 81' lang='lat' dir='ltr'>crcunour</span> <span class='ocrx_word' id='word_1_18' title='bbox 686 657 770 698; x_wconf 74' lang='lat' dir='ltr'>prun.</span> <span class='ocrx_word' id='word_1_19' title='bbox 784 656 846 699; x_wconf 72' lang='lat' dir='ltr'>suu.</span> 
     </span>
    </p>
   </div>
   <div class='ocr_carea' id='block_1_4' title="bbox 115 749 1102 3464">
    <p class='ocr_par' dir='ltr' id='par_1_4' title="bbox 115 749 1102 3464">
     <span class='ocr_line' id='line_1_5' title="bbox 191 749 1096 821; baseline 0.002 -13"><span class='ocrx_word' id='word_1_20' title='bbox 191 767 216 808; x_wconf 88' lang='lat' dir='ltr'>r.</span> <span class='ocrx_word' id='word_1_21' title='bbox 246 749 336 821; x_wconf 87' lang='lat' dir='ltr'>Quou</span> <span class='ocrx_word' id='word_1_22' title='bbox 363 751 414 809; x_wconf 92' lang='lat' dir='ltr'>tibi</span> <span class='ocrx_word' id='word_1_23' title='bbox 441 769 503 809; x_wconf 93' lang='lat' dir='ltr'>non</span> <span class='ocrx_word' id='word_1_24' title='bbox 529 763 589 811; x_wconf 89' lang='lat' dir='ltr'>tam</span> <span class='ocrx_word' id='word_1_25' title='bbox 618 753 747 811; x_wconf 86' lang='lat' dir='ltr'>celeriter</span> <span class='ocrx_word' id='word_1_26' title='bbox 774 752 846 810; x_wconf 90' lang='lat' dir='ltr'>liber</span> <span class='ocrx_word' id='word_1_27' title='bbox 876 762 921 810; x_wconf 88' lang='lat' dir='ltr'>est</span> <span class='ocrx_word' id='word_1_28' title='bbox 952 750 1096 821; x_wconf 87' lang='lat' dir='ltr'>redditus,</span> 
     </span>
     <span class='ocr_line' id='line_1_6' title="bbox 148 847 1097 926; baseline 0.002 -22"><span class='ocrx_word' id='word_1_29' title='bbox 148 847 268 921; x_wconf 87' lang='lat' dir='ltr'>ignosce</span> <span class='ocrx_word' id='word_1_30' title='bbox 293 849 388 907; x_wconf 89' lang='lat' dir='ltr'>timori</span> <span class='ocrx_word' id='word_1_31' title='bbox 412 858 514 908; x_wconf 91' lang='lat' dir='ltr'>nostro</span> <span class='ocrx_word' id='word_1_32' title='bbox 539 857 568 907; x_wconf 92' lang='lat' dir='ltr'>et</span> <span class='ocrx_word' id='word_1_33' title='bbox 591 850 726 908; x_wconf 90' lang='lat' dir='ltr'>miserere</span> <span class='ocrx_word' id='word_1_34' title='bbox 747 849 898 926; x_wconf 89' lang='lat' dir='ltr'>temporis.</span> <span class='ocrx_word' id='word_1_35' title='bbox 940 848 1042 919; x_wconf 87' lang='lat' dir='ltr'>Filius,</span> <span class='ocrx_word' id='word_1_36' title='bbox 1064 856 1097 906; x_wconf 90' lang='lat' dir='ltr'>ut</span> 
     </span>
     <span class='ocr_line' id='line_1_7' title="bbox 148 945 1097 1023; baseline 0.003 -22"><span class='ocrx_word' id='word_1_37' title='bbox 148 945 243 1017; x_wconf 87' lang='lat' dir='ltr'>audio,</span> <span class='ocrx_word' id='word_1_38' title='bbox 262 947 417 1023; x_wconf 82' lang='lat' dir='ltr'>pertimuit,</span> <span class='ocrx_word' id='word_1_39' title='bbox 437 965 533 1023; x_wconf 89' lang='lat' dir='ltr'>neque</span> <span class='ocrx_word' id='word_1_40' title='bbox 554 947 665 1018; x_wconf 91' lang='lat' dir='ltr'>iniuria,</span> <span class='ocrx_word' id='word_1_41' title='bbox 685 949 709 1006; x_wconf 94' lang='lat' dir='ltr'>si</span> <span class='ocrx_word' id='word_1_42' title='bbox 728 948 802 1006; x_wconf 92' lang='lat' dir='ltr'>liber</span> <span class='ocrx_word' id='word_1_43' title='bbox 822 947 936 1017; x_wconf 86' lang='lat' dir='ltr'>exisset,</span> <span class='ocrx_word' id='word_1_44' title='bbox 952 947 1097 1023; x_wconf 86' lang='lat' dir='ltr'>quoniam</span> 
     </span>
     <span class='ocr_line' id='line_1_8' title="bbox 148 1042 1097 1122; baseline -0.001 -21"><span class='ocrx_word' id='word_1_45' title='bbox 148 1061 208 1101; x_wconf 93' lang='lat' dir='ltr'>non</span> <span class='ocrx_word' id='word_1_46' title='bbox 223 1053 282 1102; x_wconf 89' lang='lat' dir='ltr'>tam</span> <span class='ocrx_word' id='word_1_47' title='bbox 296 1045 423 1116; x_wconf 89' lang='lat' dir='ltr'>interest,</span> <span class='ocrx_word' id='word_1_48' title='bbox 439 1063 499 1120; x_wconf 93' lang='lat' dir='ltr'>quo</span> <span class='ocrx_word' id='word_1_49' title='bbox 518 1045 616 1103; x_wconf 88' lang='lat' dir='ltr'>animo</span> <span class='ocrx_word' id='word_1_50' title='bbox 636 1045 784 1116; x_wconf 91' lang='lat' dir='ltr'>scribatur,</span> <span class='ocrx_word' id='word_1_51' title='bbox 800 1062 888 1122; x_wconf 89' lang='lat' dir='ltr'>quam</span> <span class='ocrx_word' id='word_1_52' title='bbox 906 1061 967 1119; x_wconf 92' lang='lat' dir='ltr'>quo</span> <span class='ocrx_word' id='word_1_53' title='bbox 986 1042 1097 1119; x_wconf 88' lang='lat' dir='ltr'>accipi-</span> 
     </span>
     <span class='ocr_line' id='line_1_9' title="bbox 149 1140 1097 1219; baseline -0.001 -19"><span class='ocrx_word' id='word_1_54' title='bbox 149 1153 219 1213; x_wconf 88' lang='lat' dir='ltr'>atur,</span> <span class='ocrx_word' id='word_1_55' title='bbox 234 1161 273 1201; x_wconf 90' lang='lat' dir='ltr'>ne</span> <span class='ocrx_word' id='word_1_56' title='bbox 286 1161 322 1201; x_wconf 88' lang='lat' dir='ltr'>ea</span> <span class='ocrx_word' id='word_1_57' title='bbox 336 1161 382 1201; x_wconf 91' lang='lat' dir='ltr'>res</span> <span class='ocrx_word' id='word_1_58' title='bbox 397 1143 494 1219; x_wconf 89' lang='lat' dir='ltr'>inepte</span> <span class='ocrx_word' id='word_1_59' title='bbox 509 1141 578 1199; x_wconf 93' lang='lat' dir='ltr'>mihi</span> <span class='ocrx_word' id='word_1_60' title='bbox 593 1153 722 1213; x_wconf 87' lang='lat' dir='ltr'>noceret,</span> <span class='ocrx_word' id='word_1_61' title='bbox 733 1160 801 1202; x_wconf 91' lang='lat' dir='ltr'>cum</span> <span class='ocrx_word' id='word_1_62' title='bbox 814 1140 984 1218; x_wconf 88' lang='lat' dir='ltr'>praesertim</span> <span class='ocrx_word' id='word_1_63' title='bbox 998 1140 1097 1199; x_wconf 87' lang='lat' dir='ltr'>adhuc</span> 
     </span>
     <span class='ocr_line' id='line_1_10' title="bbox 148 1237 1097 1316; baseline 0.002 -19"><span class='ocrx_word' id='word_1_64' title='bbox 148 1240 202 1298; x_wconf 94' lang='lat' dir='ltr'>stili</span> <span class='ocrx_word' id='word_1_65' title='bbox 216 1258 328 1316; x_wconf 88' lang='lat' dir='ltr'>poenas</span> <span class='ocrx_word' id='word_1_66' title='bbox 343 1241 419 1299; x_wconf 85' lang='lat' dir='ltr'>dem.</span> <span class='ocrx_word' id='word_1_67' title='bbox 462 1238 531 1311; x_wconf 87' lang='lat' dir='ltr'>Qua</span> <span class='ocrx_word' id='word_1_68' title='bbox 545 1239 663 1316; x_wconf 90' lang='lat' dir='ltr'>quidem</span> <span class='ocrx_word' id='word_1_69' title='bbox 678 1241 753 1298; x_wconf 88' lang='lat' dir='ltr'>inre</span> <span class='ocrx_word' id='word_1_70' title='bbox 773 1239 911 1315; x_wconf 86' lang='lat' dir='ltr'>singulari</span> <span class='ocrx_word' id='word_1_71' title='bbox 930 1257 996 1296; x_wconf 91' lang='lat' dir='ltr'>sum</span> <span class='ocrx_word' id='word_1_72' title='bbox 1016 1237 1097 1311; x_wconf 78' lang='lat' dir='ltr'>fat03</span> 
     </span>
     <span class='ocr_line' id='line_1_11' title="bbox 148 1336 1097 1414; baseline -0.001 -17"><span class='ocrx_word' id='word_1_73' title='bbox 148 1357 217 1397; x_wconf 86' lang='lat' dir='ltr'>nam</span> <span class='ocrx_word' id='word_1_74' title='bbox 231 1357 298 1397; x_wconf 91' lang='lat' dir='ltr'>cum</span> <span class='ocrx_word' id='word_1_75' title='bbox 312 1340 451 1397; x_wconf 90' lang='lat' dir='ltr'>mendum</span> <span class='ocrx_word' id='word_1_76' title='bbox 467 1340 624 1414; x_wconf 83' lang='lat' dir='ltr'>scripturae</span> <span class='ocrx_word' id='word_1_77' title='bbox 638 1338 722 1396; x_wconf 89' lang='lat' dir='ltr'>litura</span> <span class='ocrx_word' id='word_1_78' title='bbox 739 1338 864 1408; x_wconf 86' lang='lat' dir='ltr'>tollatur,</span> <span class='ocrx_word' id='word_1_79' title='bbox 878 1336 996 1396; x_wconf 85' lang='lat' dir='ltr'>stultitia</span> <span class='ocrx_word' id='word_1_80' title='bbox 1015 1337 1097 1396; x_wconf 84' lang='lat' dir='ltr'>fama</span> 
     </span>
     <span class='ocr_line' id='line_1_12' title="bbox 148 1435 1097 1512; baseline -0.001 -18"><span class='ocrx_word' id='word_1_81' title='bbox 148 1436 290 1506; x_wconf 90' lang='lat' dir='ltr'>multetur,</span> <span class='ocrx_word' id='word_1_82' title='bbox 305 1454 388 1494; x_wconf 89' lang='lat' dir='ltr'>meus</span> <span class='ocrx_word' id='word_1_83' title='bbox 406 1454 485 1494; x_wconf 92' lang='lat' dir='ltr'>error</span> <span class='ocrx_word' id='word_1_84' title='bbox 506 1437 607 1494; x_wconf 84' lang='lat' dir='ltr'>exsilio</span> <span class='ocrx_word' id='word_1_85' title='bbox 630 1437 788 1512; x_wconf 84' lang='lat' dir='ltr'>corrigitur,</span> <span class='ocrx_word' id='word_1_86' title='bbox 804 1437 886 1494; x_wconf 93' lang='lat' dir='ltr'>cuius</span> <span class='ocrx_word' id='word_1_87' title='bbox 906 1453 1022 1494; x_wconf 87' lang='lat' dir='ltr'>summa</span> <span class='ocrx_word' id='word_1_88' title='bbox 1041 1435 1097 1493; x_wconf 82' lang='lat' dir='ltr'>cri·</span> 
     </span>
     <span class='ocr_line' id='line_1_13' title="bbox 149 1530 1095 1609; baseline 0.002 -19"><span class='ocrx_word' id='word_1_89' title='bbox 149 1534 234 1592; x_wconf 92' lang='lat' dir='ltr'>minis</span> <span class='ocrx_word' id='word_1_90' title='bbox 248 1542 300 1605; x_wconf 86' lang='lat' dir='ltr'>est,</span> <span class='ocrx_word' id='word_1_91' title='bbox 315 1534 395 1609; x_wconf 93' lang='lat' dir='ltr'>quod</span> <span class='ocrx_word' id='word_1_92' title='bbox 414 1543 541 1592; x_wconf 88' lang='lat' dir='ltr'>armatus</span> <span class='ocrx_word' id='word_1_93' title='bbox 560 1533 724 1592; x_wconf 88' lang='lat' dir='ltr'>adversario</span> <span class='ocrx_word' id='word_1_94' title='bbox 744 1533 819 1591; x_wconf 88' lang='lat' dir='ltr'>male</span> <span class='ocrx_word' id='word_1_95' title='bbox 839 1532 907 1591; x_wconf 82' lang='lat' dir='ltr'>dixi.</span> <span class='ocrx_word' id='word_1_96' title='bbox 951 1551 978 1590; x_wconf 81' lang='lat' dir='ltr'>a.</span> <span class='ocrx_word' id='word_1_97' title='bbox 993 1530 1095 1592; x_wconf 86' lang='lat' dir='ltr'>Nemo</span> 
     </span>
     <span class='ocr_line' id='line_1_14' title="bbox 149 1629 1091 1707; baseline 0 -19"><span class='ocrx_word' id='word_1_98' title='bbox 149 1642 279 1690; x_wconf 91' lang='lat' dir='ltr'>nostrum</span> <span class='ocrx_word' id='word_1_99' title='bbox 299 1641 351 1702; x_wconf 88' lang='lat' dir='ltr'>est,</span> <span class='ocrx_word' id='word_1_100' title='bbox 365 1641 398 1688; x_wconf 92' lang='lat' dir='ltr'>ut</span> <span class='ocrx_word' id='word_1_101' title='bbox 418 1633 531 1706; x_wconf 86' lang='lat' dir='ltr'>opinor,</span> <span class='ocrx_word' id='word_1_102' title='bbox 546 1632 617 1707; x_wconf 92' lang='lat' dir='ltr'>quin</span> <span class='ocrx_word' id='word_1_103' title='bbox 636 1641 703 1689; x_wconf 90' lang='lat' dir='ltr'>vota</span> <span class='ocrx_word' id='word_1_104' title='bbox 721 1630 868 1689; x_wconf 89' lang='lat' dir='ltr'>Victoriae</span> <span class='ocrx_word' id='word_1_105' title='bbox 888 1648 957 1689; x_wconf 88' lang='lat' dir='ltr'>suae</span> <span class='ocrx_word' id='word_1_106' title='bbox 975 1629 1091 1707; x_wconf 82' lang='lat' dir='ltr'>secerit3</span> 
     </span>
     <span class='ocr_line' id='line_1_15' title="bbox 149 1727 1096 1806; baseline 0 -19"><span class='ocrx_word' id='word_1_107' title='bbox 149 1747 246 1801; x_wconf 89' lang='lat' dir='ltr'>nemo,</span> <span class='ocrx_word' id='word_1_108' title='bbox 267 1729 337 1806; x_wconf 91' lang='lat' dir='ltr'>quin</span> <span class='ocrx_word' id='word_1_109' title='bbox 359 1729 445 1786; x_wconf 86' lang='lat' dir='ltr'>etiam</span> <span class='ocrx_word' id='word_1_110' title='bbox 467 1746 535 1786; x_wconf 90' lang='lat' dir='ltr'>cum</span> <span class='ocrx_word' id='word_1_111' title='bbox 556 1728 594 1786; x_wconf 92' lang='lat' dir='ltr'>de</span> <span class='ocrx_word' id='word_1_112' title='bbox 615 1727 722 1786; x_wconf 89' lang='lat' dir='ltr'>aliare</span> <span class='ocrx_word' id='word_1_113' title='bbox 743 1727 914 1797; x_wconf 87' lang='lat' dir='ltr'>immolaret,</span> <span class='ocrx_word' id='word_1_114' title='bbox 936 1737 1037 1785; x_wconf 85' lang='lat' dir='ltr'>tamen</span> <span class='ocrx_word' id='word_1_115' title='bbox 1057 1745 1096 1787; x_wconf 86' lang='lat' dir='ltr'>eo</span> 
     </span>
     <span class='ocr_line' id='line_1_16' title="bbox 149 1821 1096 1899; baseline -0.001 -17"><span class='ocrx_word' id='word_1_116' title='bbox 149 1824 269 1899; x_wconf 91' lang='lat' dir='ltr'>quidem</span> <span class='ocrx_word' id='word_1_117' title='bbox 289 1824 355 1899; x_wconf 92' lang='lat' dir='ltr'>ipso</span> <span class='ocrx_word' id='word_1_118' title='bbox 375 1832 517 1898; x_wconf 90' lang='lat' dir='ltr'>tempore,</span> <span class='ocrx_word' id='word_1_119' title='bbox 536 1832 567 1881; x_wconf 92' lang='lat' dir='ltr'>ut</span> <span class='ocrx_word' id='word_1_120' title='bbox 587 1841 675 1898; x_wconf 89' lang='lat' dir='ltr'>quam</span> <span class='ocrx_word' id='word_1_121' title='bbox 697 1823 823 1898; x_wconf 90' lang='lat' dir='ltr'>primum</span> <span class='ocrx_word' id='word_1_122' title='bbox 844 1821 955 1880; x_wconf 86' lang='lat' dir='ltr'>Caesar</span> <span class='ocrx_word' id='word_1_123' title='bbox 976 1840 1096 1898; x_wconf 86' lang='lat' dir='ltr'>supera·</span> 
     </span>
     <span class='ocr_line' id='line_1_17' title="bbox 149 1917 1096 1996; baseline 0 -17"><span class='ocrx_word' id='word_1_124' title='bbox 149 1933 233 1993; x_wconf 89' lang='lat' dir='ltr'>retur,</span> <span class='ocrx_word' id='word_1_125' title='bbox 245 1920 365 1996; x_wconf 90' lang='lat' dir='ltr'>optarit:</span> <span class='ocrx_word' id='word_1_126' title='bbox 380 1919 439 1977; x_wconf 91' lang='lat' dir='ltr'>hoc</span> <span class='ocrx_word' id='word_1_127' title='bbox 454 1921 478 1977; x_wconf 93' lang='lat' dir='ltr'>si</span> <span class='ocrx_word' id='word_1_128' title='bbox 491 1937 553 1978; x_wconf 91' lang='lat' dir='ltr'>non</span> <span class='ocrx_word' id='word_1_129' title='bbox 568 1920 684 1995; x_wconf 81' lang='lat' dir='ltr'>cogitat,</span> <span class='ocrx_word' id='word_1_130' title='bbox 696 1920 832 1978; x_wconf 91' lang='lat' dir='ltr'>omnibus</span> <span class='ocrx_word' id='word_1_131' title='bbox 846 1920 933 1977; x_wconf 87' lang='lat' dir='ltr'>rebus</span> <span class='ocrx_word' id='word_1_132' title='bbox 947 1917 1014 1978; x_wconf 84' lang='lat' dir='ltr'>felix</span> <span class='ocrx_word' id='word_1_133' title='bbox 1030 1930 1077 1979; x_wconf 86' lang='lat' dir='ltr'>est</span> <span class='ocrx_word' id='word_1_134' title='bbox 1084 1940 1096 1994; x_wconf 79' lang='lat'><em>3</em></span> 
     </span>
     <span class='ocr_line' id='line_1_18' title="bbox 150 2016 1096 2094; baseline 0 -17"><span class='ocrx_word' id='word_1_135' title='bbox 150 2020 174 2077; x_wconf 91' lang='lat' dir='ltr'>si</span> <span class='ocrx_word' id='word_1_136' title='bbox 201 2020 254 2077; x_wconf 90' lang='lat' dir='ltr'>scit</span> <span class='ocrx_word' id='word_1_137' title='bbox 281 2028 309 2076; x_wconf 92' lang='lat' dir='ltr'>et</span> <span class='ocrx_word' id='word_1_138' title='bbox 337 2035 491 2093; x_wconf 88' lang='lat' dir='ltr'>persuasus</span> <span class='ocrx_word' id='word_1_139' title='bbox 519 2026 571 2088; x_wconf 92' lang='lat' dir='ltr'>est,</span> <span class='ocrx_word' id='word_1_140' title='bbox 596 2016 667 2092; x_wconf 92' lang='lat' dir='ltr'>quid</span> <span class='ocrx_word' id='word_1_141' title='bbox 694 2018 824 2075; x_wconf 89' lang='lat' dir='ltr'>irascitur</span> <span class='ocrx_word' id='word_1_142' title='bbox 850 2017 886 2088; x_wconf 91' lang='lat' dir='ltr'>ei,</span> <span class='ocrx_word' id='word_1_143' title='bbox 907 2016 958 2093; x_wconf 91' lang='lat' dir='ltr'>qui</span> <span class='ocrx_word' id='word_1_144' title='bbox 985 2016 1096 2094; x_wconf 83' lang='lat' dir='ltr'>aliquid</span> 
     </span>
     <span class='ocr_line' id='line_1_19' title="bbox 151 2113 1095 2193; baseline -0.001 -19"><span class='ocrx_word' id='word_1_145' title='bbox 151 2117 261 2193; x_wconf 88' lang='lat' dir='ltr'>scripsit</span> <span class='ocrx_word' id='word_1_146' title='bbox 285 2126 386 2174; x_wconf 82' lang='lat' dir='ltr'>contra</span> <span class='ocrx_word' id='word_1_147' title='bbox 411 2133 493 2174; x_wconf 87' lang='lat' dir='ltr'>suam</span> <span class='ocrx_word' id='word_1_148' title='bbox 518 2115 703 2186; x_wconf 86' lang='lat' dir='ltr'>voluntatem,</span> <span class='ocrx_word' id='word_1_149' title='bbox 726 2133 793 2173; x_wconf 92' lang='lat' dir='ltr'>cum</span> <span class='ocrx_word' id='word_1_150' title='bbox 818 2113 924 2191; x_wconf 91' lang='lat' dir='ltr'>ignorit</span> <span class='ocrx_word' id='word_1_151' title='bbox 946 2116 1095 2187; x_wconf 89' lang='lat' dir='ltr'>omuibus,</span> 
     </span>
     <span class='ocr_line' id='line_1_20' title="bbox 150 2211 1095 2290; baseline 0.001 -18"><span class='ocrx_word' id='word_1_152' title='bbox 150 2215 199 2290; x_wconf 91' lang='lat' dir='ltr'>qui</span> <span class='ocrx_word' id='word_1_153' title='bbox 221 2214 311 2273; x_wconf 86' lang='lat' dir='ltr'>multa</span> <span class='ocrx_word' id='word_1_154' title='bbox 335 2214 406 2272; x_wconf 92' lang='lat' dir='ltr'>deos</span> <span class='ocrx_word' id='word_1_155' title='bbox 431 2213 557 2271; x_wconf 89' lang='lat' dir='ltr'>venerati</span> <span class='ocrx_word' id='word_1_156' title='bbox 582 2222 647 2271; x_wconf 90' lang='lat' dir='ltr'>sunt</span> <span class='ocrx_word' id='word_1_157' title='bbox 669 2222 771 2271; x_wconf 87' lang='lat' dir='ltr'>contra</span> <span class='ocrx_word' id='word_1_158' title='bbox 795 2212 856 2270; x_wconf 92' lang='lat' dir='ltr'>eius</span> <span class='ocrx_word' id='word_1_159' title='bbox 880 2211 1023 2271; x_wconf 83' lang='lat' dir='ltr'>salutem?</span> <span class='ocrx_word' id='word_1_160' title='bbox 1068 2232 1095 2289; x_wconf 82' lang='lat'>3.</span> 
     </span>
     <span class='ocr_line' id='line_1_21' title="bbox 151 2309 1096 2386; baseline 0 -16"><span class='ocrx_word' id='word_1_161' title='bbox 151 2311 209 2370; x_wconf 90' lang='lat' dir='ltr'>Sed</span> <span class='ocrx_word' id='word_1_162' title='bbox 223 2323 254 2370; x_wconf 94' lang='lat' dir='ltr'>ut</span> <span class='ocrx_word' id='word_1_163' title='bbox 268 2312 373 2370; x_wconf 87' lang='lat' dir='ltr'>eodem</span> <span class='ocrx_word' id='word_1_164' title='bbox 387 2321 520 2383; x_wconf 89' lang='lat' dir='ltr'>revertar,</span> <span class='ocrx_word' id='word_1_165' title='bbox 534 2329 623 2369; x_wconf 89' lang='lat' dir='ltr'>causa</span> <span class='ocrx_word' id='word_1_166' title='bbox 636 2309 709 2368; x_wconf 89' lang='lat' dir='ltr'>haec</span> <span class='ocrx_word' id='word_1_167' title='bbox 724 2309 776 2368; x_wconf 84' lang='lat' dir='ltr'>luit</span> <span class='ocrx_word' id='word_1_168' title='bbox 790 2310 917 2369; x_wconf 87' lang='lat' dir='ltr'>timoris:</span> <span class='ocrx_word' id='word_1_169' title='bbox 940 2311 1043 2386; x_wconf 89' lang='lat' dir='ltr'>scripsi</span> <span class='ocrx_word' id='word_1_170' title='bbox 1058 2311 1096 2370; x_wconf 88' lang='lat' dir='ltr'>de</span> 
     </span>
     <span class='ocr_line' id='line_1_22' title="bbox 150 2407 1096 2485; baseline 0.001 -19"><span class='ocrx_word' id='word_1_171' title='bbox 150 2417 178 2466; x_wconf 91' lang='lat' dir='ltr'>te</span> <span class='ocrx_word' id='word_1_172' title='bbox 195 2427 281 2485; x_wconf 91' lang='lat' dir='ltr'>parce</span> <span class='ocrx_word' id='word_1_173' title='bbox 300 2408 414 2466; x_wconf 89' lang='lat' dir='ltr'>medius</span> <span class='ocrx_word' id='word_1_174' title='bbox 433 2408 518 2467; x_wconf 91' lang='lat' dir='ltr'>fidius</span> <span class='ocrx_word' id='word_1_175' title='bbox 536 2418 565 2466; x_wconf 92' lang='lat' dir='ltr'>et</span> <span class='ocrx_word' id='word_1_176' title='bbox 586 2407 694 2478; x_wconf 92' lang='lat' dir='ltr'>timide,</span> <span class='ocrx_word' id='word_1_177' title='bbox 708 2425 769 2465; x_wconf 91' lang='lat' dir='ltr'>non</span> <span class='ocrx_word' id='word_1_178' title='bbox 790 2425 931 2466; x_wconf 88' lang='lat' dir='ltr'>revocans</span> <span class='ocrx_word' id='word_1_179' title='bbox 950 2424 1000 2465; x_wconf 90' lang='lat' dir='ltr'>me</span> <span class='ocrx_word' id='word_1_180' title='bbox 1021 2409 1096 2485; x_wconf 88' lang='lat' dir='ltr'>ipse,</span> 
     </span>
     <span class='ocr_line' id='line_1_23' title="bbox 152 2503 1097 2583; baseline 0.001 -19"><span class='ocrx_word' id='word_1_181' title='bbox 152 2505 205 2564; x_wconf 89' lang='lat' dir='ltr'>sed</span> <span class='ocrx_word' id='word_1_182' title='bbox 223 2524 318 2583; x_wconf 89' lang='lat' dir='ltr'>paene</span> <span class='ocrx_word' id='word_1_183' title='bbox 336 2505 491 2580; x_wconf 85' lang='lat' dir='ltr'>refugiens.</span> <span class='ocrx_word' id='word_1_184' title='bbox 534 2504 636 2564; x_wconf 89' lang='lat' dir='ltr'>Genus</span> <span class='ocrx_word' id='word_1_185' title='bbox 657 2515 754 2563; x_wconf 89' lang='lat' dir='ltr'>autem</span> <span class='ocrx_word' id='word_1_186' title='bbox 775 2503 833 2562; x_wconf 91' lang='lat' dir='ltr'>hoc</span> <span class='ocrx_word' id='word_1_187' title='bbox 854 2504 1010 2580; x_wconf 87' lang='lat' dir='ltr'>scripturae</span> <span class='ocrx_word' id='word_1_188' title='bbox 1032 2524 1097 2565; x_wconf 92' lang='lat' dir='ltr'>non</span> 
     </span>
     <span class='ocr_line' id='line_1_24' title="bbox 115 2601 1097 2676; baseline 0.001 -15"><span class='ocrx_word' id='word_1_189' title='bbox 115 2627 117 2632; x_wconf 96' lang='lat'>·</span> <span class='ocrx_word' id='word_1_190' title='bbox 150 2605 240 2663; x_wconf 92' lang='lat' dir='ltr'>modo</span> <span class='ocrx_word' id='word_1_191' title='bbox 262 2604 393 2675; x_wconf 92' lang='lat' dir='ltr'>liberum,</span> <span class='ocrx_word' id='word_1_192' title='bbox 416 2603 467 2661; x_wconf 89' lang='lat' dir='ltr'>sed</span> <span class='ocrx_word' id='word_1_193' title='bbox 491 2603 640 2661; x_wconf 87' lang='lat' dir='ltr'>incitatum</span> <span class='ocrx_word' id='word_1_194' title='bbox 665 2611 751 2676; x_wconf 91' lang='lat' dir='ltr'>atque</span> <span class='ocrx_word' id='word_1_195' title='bbox 772 2601 880 2660; x_wconf 89' lang='lat' dir='ltr'>elatum</span> <span class='ocrx_word' id='word_1_196' title='bbox 901 2619 966 2660; x_wconf 92' lang='lat' dir='ltr'>esse</span> <span class='ocrx_word' id='word_1_197' title='bbox 988 2603 1097 2662; x_wconf 88' lang='lat' dir='ltr'>debere</span> 
     </span>
     <span class='ocr_line' id='line_1_25' title="bbox 151 2697 1098 2779; baseline 0.001 -20"><span class='ocrx_word' id='word_1_198' title='bbox 151 2702 215 2779; x_wconf 92' lang='lat' dir='ltr'>quis</span> <span class='ocrx_word' id='word_1_199' title='bbox 229 2701 362 2777; x_wconf 87' lang='lat' dir='ltr'>ignorat?</span> <span class='ocrx_word' id='word_1_200' title='bbox 385 2701 511 2758; x_wconf 91' lang='lat' dir='ltr'>solutum</span> <span class='ocrx_word' id='word_1_201' title='bbox 533 2700 712 2758; x_wconf 86' lang='lat' dir='ltr'>existimatur</span> <span class='ocrx_word' id='word_1_202' title='bbox 731 2716 795 2757; x_wconf 92' lang='lat' dir='ltr'>esse</span> <span class='ocrx_word' id='word_1_203' title='bbox 814 2697 894 2757; x_wconf 86' lang='lat' dir='ltr'>alteri</span> <span class='ocrx_word' id='word_1_204' title='bbox 908 2700 984 2758; x_wconf 86' lang='lat' dir='ltr'>mule</span> <span class='ocrx_word' id='word_1_205' title='bbox 998 2700 1098 2760; x_wconf 86' lang='lat' dir='ltr'>dicere</span> 
     </span>
     <span class='ocr_line' id='line_1_26' title="bbox 150 2796 1098 2875; baseline -0.003 -16"><span class='ocrx_word' id='word_1_206' title='bbox 150 2810 289 2859; x_wconf 86' lang='lat' dir='ltr'>-tamen</span> <span class='ocrx_word' id='word_1_207' title='bbox 303 2798 464 2856; x_wconf 88' lang='lat' dir='ltr'>cavendum</span> <span class='ocrx_word' id='word_1_208' title='bbox 475 2807 527 2867; x_wconf 89' lang='lat' dir='ltr'>est,</span> <span class='ocrx_word' id='word_1_209' title='bbox 537 2815 574 2855; x_wconf 93' lang='lat' dir='ltr'>ne</span> <span class='ocrx_word' id='word_1_210' title='bbox 585 2797 615 2854; x_wconf 93' lang='lat' dir='ltr'>in</span> <span class='ocrx_word' id='word_1_211' title='bbox 624 2797 813 2872; x_wconf 87' lang='lat' dir='ltr'>petulantiam</span> <span class='ocrx_word' id='word_1_212' title='bbox 822 2796 987 2870; x_wconf 79' lang='lat' dir='ltr'>incidas—3</span> <span class='ocrx_word' id='word_1_213' title='bbox 1002 2799 1098 2875; x_wconf 83' lang='lat' dir='ltr'>impe·</span> 
     </span>
     <span class='ocr_line' id='line_1_27' title="bbox 152 2893 1099 2970; baseline -0.002 -14"><span class='ocrx_word' id='word_1_214' title='bbox 152 2898 251 2967; x_wconf 92' lang='lat' dir='ltr'>ditum,</span> <span class='ocrx_word' id='word_1_215' title='bbox 280 2913 312 2953; x_wconf 87' lang='lat' dir='ltr'>se</span> <span class='ocrx_word' id='word_1_216' title='bbox 339 2895 435 2970; x_wconf 92' lang='lat' dir='ltr'>ipsum</span> <span class='ocrx_word' id='word_1_217' title='bbox 462 2893 588 2964; x_wconf 87' lang='lat' dir='ltr'>laudare,</span> <span class='ocrx_word' id='word_1_218' title='bbox 617 2911 655 2951; x_wconf 91' lang='lat' dir='ltr'>ne</span> <span class='ocrx_word' id='word_1_219' title='bbox 682 2893 782 2952; x_wconf 90' lang='lat' dir='ltr'>vitium</span> <span class='ocrx_word' id='word_1_220' title='bbox 810 2894 999 2968; x_wconf 86' lang='lat' dir='ltr'>adrogantiae</span> <span class='ocrx_word' id='word_1_221' title='bbox 1027 2897 1099 2954; x_wconf 88' lang='lat' dir='ltr'>sub·</span> 
     </span>
     <span class='ocr_line' id='line_1_28' title="bbox 153 2990 1098 3070; baseline 0 -17"><span class='ocrx_word' id='word_1_222' title='bbox 153 3003 305 3070; x_wconf 88' lang='lat' dir='ltr'>sequatur;</span> <span class='ocrx_word' id='word_1_223' title='bbox 331 2991 426 3050; x_wconf 91' lang='lat' dir='ltr'>solum</span> <span class='ocrx_word' id='word_1_224' title='bbox 447 3009 515 3050; x_wconf 92' lang='lat' dir='ltr'>vero</span> <span class='ocrx_word' id='word_1_225' title='bbox 536 2991 666 3062; x_wconf 91' lang='lat' dir='ltr'>liberum,</span> <span class='ocrx_word' id='word_1_226' title='bbox 689 2991 810 3050; x_wconf 85' lang='lat' dir='ltr'>alterurn</span> <span class='ocrx_word' id='word_1_227' title='bbox 831 2991 956 3062; x_wconf 86' lang='lat' dir='ltr'>laudare,</span> <span class='ocrx_word' id='word_1_228' title='bbox 977 2990 1014 3050; x_wconf 91' lang='lat' dir='ltr'>de</span> <span class='ocrx_word' id='word_1_229' title='bbox 1035 3009 1098 3070; x_wconf 87' lang='lat' dir='ltr'>quo</span> 
     </span>
     <span class='ocr_line' id='line_1_29' title="bbox 153 3089 1098 3170; baseline 0.001 -21"><span class='ocrx_word' id='word_1_230' title='bbox 153 3089 290 3170; x_wconf 91' lang='lat' dir='ltr'>quicquid</span> <span class='ocrx_word' id='word_1_231' title='bbox 305 3089 446 3158; x_wconf 72' lang='lat' dir='ltr'>detrahas</span> <span class='ocrx_word' id='word_1_232' title='bbox 462 3107 582 3147; x_wconf 88' lang='lat' dir='ltr'>necesse</span> <span class='ocrx_word' id='word_1_233' title='bbox 597 3099 641 3147; x_wconf 92' lang='lat' dir='ltr'>est</span> <span class='ocrx_word' id='word_1_234' title='bbox 659 3099 709 3146; x_wconf 89' lang='lat' dir='ltr'>aut</span> <span class='ocrx_word' id='word_1_235' title='bbox 728 3089 885 3147; x_wconf 83' lang='lat' dir='ltr'>infirmitati</span> <span class='ocrx_word' id='word_1_236' title='bbox 903 3098 954 3147; x_wconf 86' lang='lat' dir='ltr'>aut</span> <span class='ocrx_word' id='word_1_237' title='bbox 971 3090 1098 3151; x_wconf 87' lang='lat' dir='ltr'>invidiae</span> 
     </span>
     <span class='ocr_line' id='line_1_30' title="bbox 153 3185 1097 3266; baseline 0.002 -19"><span class='ocrx_word' id='word_1_238' title='bbox 153 3189 327 3263; x_wconf 87' lang='lat' dir='ltr'>adsignetur.</span> <span class='ocrx_word' id='word_1_239' title='bbox 369 3185 414 3245; x_wconf 85' lang='lat' dir='ltr'>Ac</span> <span class='ocrx_word' id='word_1_240' title='bbox 442 3187 541 3245; x_wconf 87' lang='lat' dir='ltr'>nescio</span> <span class='ocrx_word' id='word_1_241' title='bbox 570 3205 608 3244; x_wconf 89' lang='lat' dir='ltr'>an</span> <span class='ocrx_word' id='word_1_242' title='bbox 636 3186 687 3244; x_wconf 91' lang='lat' dir='ltr'>tibi</span> <span class='ocrx_word' id='word_1_243' title='bbox 712 3187 820 3262; x_wconf 85' lang='lat' dir='ltr'>gratius</span> <span class='ocrx_word' id='word_1_244' title='bbox 845 3190 1097 3266; x_wconf 91' lang='lat' dir='ltr'>opportuniusque</span> 
     </span>
     <span class='ocr_line' id='line_1_31' title="bbox 153 3282 1097 3364; baseline 0 -20"><span class='ocrx_word' id='word_1_245' title='bbox 153 3284 303 3356; x_wconf 88' lang='lat' dir='ltr'>acciderit;</span> <span class='ocrx_word' id='word_1_246' title='bbox 325 3301 394 3341; x_wconf 92' lang='lat' dir='ltr'>nam</span> <span class='ocrx_word' id='word_1_247' title='bbox 414 3282 494 3360; x_wconf 93' lang='lat' dir='ltr'>quod</span> <span class='ocrx_word' id='word_1_248' title='bbox 516 3282 662 3359; x_wconf 87' lang='lat' dir='ltr'>praeclare</span> <span class='ocrx_word' id='word_1_249' title='bbox 682 3283 778 3342; x_wconf 88' lang='lat' dir='ltr'>facere</span> <span class='ocrx_word' id='word_1_250' title='bbox 799 3302 860 3343; x_wconf 91' lang='lat' dir='ltr'>non</span> <span class='ocrx_word' id='word_1_251' title='bbox 881 3296 1022 3360; x_wconf 86' lang='lat' dir='ltr'>poteram,</span> <span class='ocrx_word' id='word_1_252' title='bbox 1038 3287 1097 3364; x_wconf 92' lang='lat' dir='ltr'>pri·</span> 
     </span>
     <span class='ocr_line' id='line_1_32' title="bbox 153 3378 1102 3464; baseline 0.001 -22"><span class='ocrx_word' id='word_1_253' title='bbox 153 3400 234 3443; x_wconf 88' lang='lat' dir='ltr'>mum</span> <span class='ocrx_word' id='word_1_254' title='bbox 252 3391 320 3452; x_wconf 90' lang='lat' dir='ltr'>erat,</span> <span class='ocrx_word' id='word_1_255' title='bbox 336 3397 397 3439; x_wconf 93' lang='lat' dir='ltr'>non</span> <span class='ocrx_word' id='word_1_256' title='bbox 416 3382 555 3458; x_wconf 87' lang='lat' dir='ltr'>attingere</span> <span class='ocrx_word' id='word_1_257' title='bbox 565 3401 575 3457; x_wconf 68' lang='grc' dir='ltr'><strong><em>ς</em></strong></span> <span class='ocrx_word' id='word_1_258' title='bbox 597 3381 758 3441; x_wconf 90' lang='lat' dir='ltr'>secundum</span> <span class='ocrx_word' id='word_1_259' title='bbox 780 3378 992 3464; x_wconf 59' lang='lat' dir='ltr'>[beneficiump</span> <span class='ocrx_word' id='word_1_260' title='bbox 1006 3399 1102 3461; x_wconf 78' lang='lat' dir='ltr'>quam·</span> 
     </span>
    </p>
   </div>
   <div class='ocr_carea' id='block_1_5' title="bbox 0 0 1259 3840">
    <p class='ocr_par' dir='ltr' id='par_1_5' title="bbox 0 0 1259 3840">
     <span class='ocr_line' id='line_1_33' title="bbox 0 0 1259 3840; baseline 0 0"><span class='ocrx_word' id='word_1_261' title='bbox 0 0 1259 3840; x_wconf 95' lang='lat' dir='ltr'> </span> 
     </span>
    </p>
   </div>
  </div>
 </body>
</html>
