2392 3848
128 174 242 262 satan]
329 189 441 241 aaran
464 189 514 239 an
534 189 757 273 ranrrmnns
781 195 828 242 vr.
850 179 881 242 6.
962 225 965 231 -
1016 199 1076 267 199

131 344 248 407 fortuna
266 348 418 420 omnium;
447 349 560 420 deinde,
581 361 612 409 ut
633 351 663 409 in
684 370 749 410 eam
770 352 914 411 civitatem
934 353 1005 411 boni
1026 354 1076 412 viri

130 454 158 505 et
177 445 253 505 boni
274 446 350 505 cives
370 446 449 506 nulla
468 447 629 523 ignominia
649 451 739 507 notati
761 467 822 507 non
843 458 1028 519 revertantur,
1046 452 1076 508 in

130 560 220 621 quam
245 553 290 603 tot
310 543 486 604 nefariorum
509 547 652 604 scelerum
676 547 864 605 condemnati
892 558 1076 606 reverterunt.

132 659 177 700 ra.
199 639 304 700 Habes
331 642 483 717 augurium
511 661 618 711 meum,
640 661 709 719 quo,
731 643 846 718 siquid
868 644 1076 713 addubitarem,

127 756 192 797 nou
206 739 305 815 potius
325 749 419 797 uterer
440 757 529 816 quam
547 740 594 798 illa
615 740 824 812 consolatione,
839 759 898 816 qua
917 741 999 799 facile
1018 742 1076 799 for-

126 846 190 897 tem
211 837 306 894 virum
329 845 536 895 sustentarem:
567 848 604 907 te,
629 839 654 896 si
681 838 830 913 explorata
853 839 973 897 victoria
997 859 1078 898 arma

125 933 305 1011 sumpsisses
332 952 386 1010 pro
414 953 445 993 re
473 934 676 1010 publica-ita
703 936 782 994 enim
809 946 871 993 tum
899 937 1076 1011 putabas-,

125 1050 192 1091 non
216 1032 303 1089 nimis
322 1048 387 1090 esse
408 1031 603 1103 laudandum;
626 1032 670 1089 siu
692 1043 811 1107 propter
835 1033 960 1091 incertos
983 1035 1077 1092 exitus

123 1138 308 1204 eventusque
345 1127 487 1186 bellorum
525 1146 615 1204 posse
649 1129 788 1200 accidere,
818 1139 851 1188 ut
888 1131 1075 1202 vinceremur,

124 1237 273 1307 putasses,
298 1243 359 1283 nou
388 1225 494 1284 debere
521 1234 550 1282 te
575 1225 612 1283 ad
638 1226 799 1284 secundam
826 1226 972 1284 fortunam
1000 1229 1078 1286 bene

124 1333 264 1403 paratum
284 1324 381 1394 fuisse,
398 1323 548 1382 adversam
570 1323 642 1381 serre
661 1324 741 1382 nullo
760 1325 851 1382 modo
870 1343 968 1400 posse.
1009 1325 1076 1385 Dis·

124 1434 263 1503 putarem
286 1422 380 1491 etiam,
403 1431 513 1497 quanto
535 1421 643 1480 solacio
668 1422 719 1479 tibi
740 1423 917 1481 conscientia
939 1424 979 1481 tui
1000 1423 1076 1493 facti,

124 1531 257 1601 quantae
281 1519 464 1577 delectationi
487 1519 517 1576 in
541 1519 628 1577 rebus
650 1520 776 1578 adversis
801 1520 909 1579 litterae
938 1538 1001 1578 esse
1026 1520 1076 1579 de-

124 1622 249 1691 berent;
270 1634 531 1676 commemorarem
550 1635 611 1675 non
631 1618 727 1675 solum
744 1627 881 1688 veterum,
902 1618 954 1676 sed
971 1618 1076 1676 horum

124 1717 218 1777 etiam
245 1715 404 1775 recentium
425 1713 470 1771 vel
498 1713 605 1772 ducum
630 1715 674 1772 vel
699 1715 839 1773 comitum
868 1725 984 1773 tuorum
1010 1735 1076 1791 gra-

123 1813 264 1875 vissimos
298 1830 399 1882 casus;
436 1811 524 1869 etiam
557 1822 694 1870 externos
728 1812 836 1870 multos
871 1813 964 1870 claros
999 1815 1077 1873 viros

125 1910 313 1971 nominarem
320 1929 329 1983 ;
360 1909 435 1968 levat
457 1910 536 1967 enirn
557 1909 689 1968 dolorem
709 1909 873 1967 communis
896 1911 978 1986 quasi
1003 1911 1085 1987 legis¹

123 2018 157 2069 et
191 2008 336 2067 humanae
370 2007 549 2066 condicionis
584 2007 757 2066 recordatio.
817 2026 861 2081 13.
886 2007 1075 2084 Exponerem

124 2108 224 2178 etiam,
239 2125 326 2184 quem
347 2106 528 2164 admodum
549 2106 596 2163 hic
617 2115 646 2164 et
667 2116 777 2181 quanta
797 2105 827 2163 in
848 2109 931 2164 turba
951 2120 1074 2183 quanta·

124 2206 240 2283 quein
265 2204 437 2263 confusione
465 2222 561 2262 rerum
585 2205 718 2261 omnium
743 2205 920 2277 viveremus;
953 2224 1074 2267 necesse

124 2314 172 2363 est
202 2303 281 2361 enim
310 2302 422 2360 minore
458 2302 600 2360 desiderio
628 2303 740 2377 perdita
770 2322 801 2361 re
831 2303 948 2379 publica
976 2323 1075 2363 carere

124 2419 217 2478 quam
243 2401 331 2458 bona.
375 2399 433 2457 Sed
460 2399 517 2457 hoc
541 2419 648 2475 genere
676 2400 746 2457 nihil
770 2418 846 2476 opus
871 2411 931 2459 est:
963 2402 1074 2460 incolu-

124 2516 206 2557 mem
231 2507 259 2557 te
287 2499 354 2568 cito,
378 2507 410 2556 ut
437 2515 532 2572 spero,
559 2498 603 2555 vel
628 2500 731 2574 potius,
757 2509 789 2557 ut
817 2500 968 2575 perspicio,
996 2500 1074 2558 vide-

123 2596 230 2655 bimus·
273 2596 389 2654 Interea
411 2596 463 2653 tibi
487 2597 599 2654 absenti
620 2607 649 2654 et
674 2597 748 2668 huic,
771 2598 820 2673 qui
841 2598 932 2668 adest,
954 2599 1073 2673 imagini

124 2694 216 2753 animi
237 2704 265 2752 et
285 2694 416 2770 corporis
438 2695 487 2763 tui,
510 2696 745 2752 constantissimo
767 2705 853 2771 atque
878 2698 991 2771 optimo
1013 2697 1072 2754 lilio

123 2802 185 2861 mo,
205 2792 341 2861 studium,
361 2792 497 2862 officium,
517 2810 646 2868 operam,
666 2794 796 2851 laborem
817 2811 915 2853 meum
937 2795 995 2851 iarn
1014 2797 1068 2870 pri-

123 2890 192 2949 dem
207 2898 237 2947 et
251 2888 394 2964 pollicitus
412 2907 478 2947 sum
492 2899 521 2946 et
542 2890 645 2961 detuli;
668 2909 746 2950 nunc
766 2891 823 2950 hoc
842 2892 975 2967 amplius,
990 2891 1071 2966 quod

123 3005 172 3046 me
193 2986 368 3044 amicissime
388 2986 517 3063 quotidie
538 2989 631 3061 magis
651 2987 760 3047 Caesar
779 2990 967 3065 amplectitur,
988 2988 1071 3045 fami·

122 3085 208 3144 liures
230 3083 348 3158 quidem
373 3085 444 3153 eius,
465 3084 549 3142 sicuti
571 3086 727 3144 neminem.
770 3087 861 3163 Apud
882 3104 970 3162 quem
991 3087 1071 3161 quic·

122 3182 194 3260 quid
218 3181 323 3239 valebo
347 3181 392 3239 vel
420 3184 589 3241 auctoritate
613 3184 658 3242 vel
684 3185 786 3260 gratia,
809 3184 911 3242 valebo
939 3184 1007 3242 tibi:
1039 3193 1071 3242 tu

122 3297 191 3339 cura
211 3288 244 3338 ut
263 3296 331 3338 cum
348 3278 523 3340 firmitudine
542 3290 570 3340 te
587 3281 688 3356 animi,
703 3292 765 3342 tum
784 3282 871 3342 etiam
889 3300 941 3359 spe
960 3282 1071 3358 optima

123 3385 277 3438 sustentes
