2392 3848
114 153 153 226 82
382 167 420 222 M.
446 167 568 218 ronan
589 166 779 217 oroaaoms
794 169 801 173 ··
840 166 849 173 ·
944 150 1059 240 [emta

114 322 278 391 Caesarem,
290 318 372 398 quasi
384 318 550 377 desciscere·
558 336 606 377 me
620 337 639 376 a
653 316 772 394 pristina
786 333 882 376 causa.
925 314 997 394 Ego
1010 336 1060 378 au*

113 431 173 479 tem
188 437 253 476 curn
268 419 316 476 illa
333 436 448 494 sequor,
463 436 538 493 quae
557 417 646 493 paulo
665 427 733 476 ante
751 417 902 492 proposui,
916 420 983 476 t'um
1004 418 1059 476 hoc

114 535 174 575 non
185 517 215 573 in
229 516 391 592 postremis,
403 515 440 572 de
455 532 514 590 quo
530 532 683 590 coeperam
695 532 850 589 exponere.
879 513 953 574 Non
968 515 1059 574 offen·

115 617 166 674 des
178 614 301 672 eundem
312 614 458 671 bonorum
468 630 595 684 sensum,
608 612 738 684 Lentule,
748 631 836 689 quem
849 613 1000 690 reliquisti,
1012 613 1060 691 qui

115 712 302 770 confirmatus
318 711 468 768 consulatu
482 719 591 775 nostro,
606 729 660 767 non
679 696 840 786 numquam
853 719 960 786 postea
974 713 1060 770 inter·

115 818 225 884 ruptus,
239 809 370 867 adflictus
389 817 455 865 ante
475 817 503 865 te
523 808 682 878 consulem,
697 816 841 866 recreatus
860 809 915 866 abs
928 817 967 880 te,
984 819 1060 868 totus

116 917 159 965 est
173 925 250 965 nunc
264 908 302 965 ab
316 908 359 978 iis,
374 925 392 963 a
405 907 510 981 quibus
524 906 650 963 tuendus
664 904 764 974 fuerat,
780 903 932 963 derelictus
940 923 950 977 ;
973 906 1060 984 idque

116 1022 177 1061 non
198 1005 292 1062 solum
313 1004 406 1062 fronte
427 1014 513 1079 atque
534 1003 621 1074 voltu,
636 1003 740 1078 quibus
761 1001 905 1061 simulatio
927 1002 1061 1063 facillime

117 1102 279 1171 sustinetur,
296 1102 440 1160 declarant
453 1102 480 1171 ii,
495 1100 544 1176 qui
561 1109 622 1158 tum
636 1108 738 1157 nostro
753 1098 801 1156 illo
816 1109 892 1157 statu
905 1102 1061 1176 optimates

117 1200 346 1269 nominabantur,
369 1199 421 1256 sed
442 1198 528 1256 etiam
550 1197 690 1254 sententia
710 1214 798 1272 saepe
819 1197 877 1254 iam
898 1199 1062 1276 tabellaque

118 1296 286 1354 docuerunt.
332 1299 376 1353 18.
400 1296 501 1370 ltaque
518 1305 578 1352 tota
596 1294 654 1350 iarn
674 1293 847 1369 sapientium
861 1295 976 1368 civium,
992 1316 1063 1374 qua·

118 1392 176 1449 lern
190 1410 237 1449 me
252 1403 281 1450 et
295 1410 358 1450 esse
377 1404 404 1451 et
422 1392 566 1450 numerari
580 1393 656 1463 volo,
678 1403 705 1449 et
723 1393 866 1450 sententia
877 1389 909 1450 et
927 1393 1062 1454 voluntas

118 1500 228 1547 mutata
249 1509 313 1548 esse
335 1491 421 1549 debet
431 1511 440 1562 3
462 1490 491 1547 id
511 1491 589 1549 enim
608 1490 687 1548 iubet
705 1490 784 1548 idem
802 1489 850 1547 ille
866 1490 959 1562 Plato,
974 1510 1062 1567 quem

119 1606 175 1663 ego
196 1587 381 1645 vehementer
402 1598 548 1646 auctorem
570 1605 683 1662 sequor,
699 1597 812 1645 tantum
833 1589 1012 1648 contendere
1033 1591 1062 1648 in

119 1705 150 1743 re
178 1687 301 1762 publica,
328 1697 469 1762 quantum
493 1686 617 1761 probare
642 1686 698 1742 tuis
723 1685 832 1743 civibus
855 1687 974 1761 possis3
1006 1689 1062 1746 vim

120 1802 214 1858 neque
229 1786 340 1859 parenti
355 1803 409 1843 nec
428 1783 537 1858 patriae
557 1782 667 1840 adferre
690 1792 833 1857 oportere.
874 1784 973 1861 Atque
988 1783 1063 1844 hanc

120 1881 237 1955 quidem
253 1881 298 1938 ille
313 1899 431 1939 causam
453 1880 507 1938 sibi
527 1881 565 1937 ait
585 1897 645 1936 non
663 1879 849 1954 attingendae
868 1881 908 1938 rei
930 1881 1063 1956 publicae

120 1978 215 2048 luisse,
228 1979 315 2054 quod,
328 1997 394 2036 cum
409 1977 577 2035 offendisset
590 1977 732 2052 populum
746 1975 956 2037 Atheniensem
971 1998 1064 2056 prope

120 2076 177 2134 iam
203 2077 392 2150 desipientem
422 2084 577 2144 senectute,
604 2069 742 2154 [cumque
771 2092 838 2132 eum
866 2093 921 2134 nec
946 2095 1064 2152 persua-

122 2173 219 2230 dendo
241 2191 294 2230 nec
317 2172 452 2247 cogendo
472 2172 532 2246 regi
553 2190 640 2247 posse
655 2166 793 2252 vidisset]
809 2190 876 2230 curn
896 2176 1064 2249 persuaderi

121 2288 208 2346 posse
221 2270 368 2340 diffideret,
383 2272 449 2345 cogi
463 2269 506 2327 las
521 2287 584 2327 esse
599 2287 660 2328 non
675 2271 865 2328 arbitraretur.
907 2271 978 2330 Mea
992 2274 1064 2332 ratio

121 2368 173 2425 suit
195 2367 258 2437 alia,
281 2367 361 2442 quod
384 2384 478 2441 neque
503 2367 662 2442 desipiente
688 2366 798 2442 populo
820 2385 875 2426 nec
898 2367 1011 2445 integra
1036 2390 1065 2430 re

121 2466 192 2522 mihi
205 2465 242 2522 ad
257 2464 465 2522 consulendum
485 2482 705 2538 capesseremne
724 2482 784 2522 rem
804 2465 951 2539 publicam
972 2468 1066 2544 impli-

123 2572 204 2621 catus
219 2562 352 2633 tenebar,
375 2562 426 2620 sed
445 2562 565 2619 laetatus
584 2571 680 2618 tamen
701 2579 773 2631 sum,
789 2562 869 2637 quod
884 2563 954 2620 mihi
967 2564 1067 2624 liceret

123 2661 152 2721 in
167 2660 269 2717 eadem
284 2677 370 2717 causa
384 2669 413 2718 et
434 2659 503 2716 mihi
517 2659 595 2716 utilia
617 2668 645 2716 et
664 2659 753 2717 cuivis
772 2661 852 2717 bono
872 2671 951 2720 recta
965 2662 1065 2721 defen·

124 2760 200 2817 dere.
242 2757 310 2815 Huc
332 2757 452 2814 accessit
473 2756 732 2814 commemoranda
754 2756 897 2830 quaedam
919 2768 948 2816 et
970 2760 1067 2819 divina

124 2856 255 2915 Caesaris
276 2856 306 2911 in
327 2872 374 2910 me
395 2852 568 2929 fratremque
588 2870 687 2910 meum
710 2852 883 2913 liberalitas:
913 2857 963 2933 qui
985 2856 1066 2928 mihi,

124 2970 322 3030 quascumque
344 2968 390 3009 res
414 2959 534 3024 gereret,
557 2951 682 3007 tuendus
707 2962 783 3008 esset
795 2970 803 3024 ;
835 2954 966 3011 nuncin
987 2966 1068 3013 tanta

125 3053 258 3111 felicitate
271 3050 414 3125 tantisque
429 3047 560 3116 victoriis,
576 3047 661 3103 etiam
681 3048 704 3105 si
725 3049 755 3105 in
776 3066 830 3107 nos
852 3069 913 3108 non
934 3052 959 3109 is
981 3063 1067 3124 esset,

125 3151 175 3226 qui
198 3159 249 3221 est,
270 3158 367 3207 tamen
391 3145 538 3204 ornandus
559 3144 710 3203 videretur.
753 3144 799 3203 Sic
822 3148 899 3205 enim
921 3157 950 3209 te
972 3151 1070 3208 existi·

126 3265 205 3307 mare
219 3245 312 3316 velim,
333 3262 400 3303 curn
420 3261 437 3300 a
455 3241 537 3298 vobis
556 3259 639 3298 meae
658 3241 756 3301 salutis
776 3245 943 3304 auctoribus
961 3247 1069 3306 disces·

127 3344 221 3415 serim,
233 3342 380 3401 neminem
394 3358 466 3414 esse,
478 3338 559 3398 cuius
574 3338 674 3396 officiis
689 3357 736 3396 me
751 3348 811 3398 tarn
825 3358 888 3400 esse
904 3342 1070 3403 devinctum
