2498 3840
149 190 194 254 ap,
210 181 271 266 3⁶]
373 196 484 247 aaran
508 195 557 244 Ab
578 195 749 246 Antronasv
768 198 798 248 V.
823 203 873 250 21.
1040 199 1099 266 105

150 365 250 416 amas;
275 355 306 404 tu
331 347 408 404 enim
432 366 481 406 me
504 347 577 407 haee
601 348 695 407 facere
717 349 840 408 voluisti.
883 352 910 408 8.
931 348 990 408 Iter
1014 349 1098 424 igitur

111 462 125 515 ,¹¹
148 445 190 500 ita
214 462 267 520 per
287 445 387 501 Asiam
412 445 476 515 feci,
501 455 532 503 ut
555 446 642 503 etiam
668 446 768 519 fames,
791 466 849 522 qua
874 446 943 504 nihil
967 447 1098 504 miserius

99 540 106 559 ”
149 551 203 611 est,
225 560 299 617 quae
318 551 379 599 tum
400 544 508 600 eratin
529 542 584 601 hac
603 562 670 601 mea
689 545 904 603 Asia—messis
925 545 1003 602 enim
1021 543 1100 602 nulla

148 637 293 710 fuerat-,
308 639 378 697 mihi
396 640 526 715 optanda
544 640 647 698 suerit:
669 659 852 716 quacumque
871 644 924 700 iter
943 641 1005 712 feci,
1022 639 1100 698 nulla

149 736 186 804 vi,
208 735 289 794 nullo
310 736 424 807 iudicio,
446 737 524 794 nulla
548 738 731 808 contumelia,
753 739 922 797 auctoritate
944 748 972 796 et
996 737 1099 796 cohor-

148 834 261 892 tatione
282 833 396 909 perfeci,
417 843 449 891 ut
470 844 498 891 et
519 833 623 892 Graeci
644 843 672 891 et
700 836 776 892 cives
805 835 941 906 Romani,
963 836 1012 911 qui
1041 835 1099 892 fru-

149 941 284 989 mentum
305 942 545 1006 compresserant,
566 950 706 1006 magnum
727 951 880 991 numerum
901 933 1015 1011 populis
1036 933 1100 1008 pol·

149 1029 314 1088 licerentur.
370 1047 396 1103 9.
418 1029 519 1088 Idibus
547 1029 719 1101 Februariis,
748 1048 807 1106 quo
836 1031 882 1089 die
910 1030 962 1090 has
994 1031 1099 1088 litteras

151 1127 229 1195 dedi,
258 1126 355 1185 forum
385 1127 562 1184 institueram
593 1144 679 1201 agere
711 1126 875 1186 Laodiceae
903 1127 1099 1203 Cibyraticum

151 1235 180 1283 et
209 1225 387 1300 Apamense,
415 1243 452 1283 ex
480 1224 582 1283 Idibus
614 1223 728 1282 Martiis
761 1224 869 1282 ibidem
901 1225 1099 1301 Synnadense,

150 1319 475 1398 Pamphylium-tum
503 1322 625 1380 Phemio
654 1322 806 1397 dispiciam
833 1324 959 1396 κέρας-,
988 1322 1100 1399 Lycao·
1134 1381 1136 1387 ,

101 1485 104 1489 ,
150 1420 244 1490 nium,
270 1418 445 1492 Isauricum;
478 1440 515 1479 ex
544 1420 643 1478 Idibus
671 1418 758 1477 Maiis
785 1420 816 1477 in
842 1419 979 1490 Ciliciam,
1002 1431 1034 1478 ut
1061 1421 1100 1477 ibi

151 1516 253 1574 lunius
279 1529 473 1590 consumatur,
498 1518 582 1576 velim
610 1516 761 1592 tranquille
785 1535 803 1574 a
827 1517 946 1575 Parthis.
990 1518 1100 1588 Quinc·

150 1616 217 1686 tilis,
233 1615 258 1674 si
280 1616 339 1686 erit,
353 1626 385 1674 ut
398 1617 540 1687 volumus,
554 1615 585 1672 in
604 1615 705 1672 itinere
727 1624 771 1672 est
789 1633 841 1690 per
860 1615 1038 1692 provinciam
1057 1635 1101 1674 re-

150 1713 309 1772 deuntibus
336 1714 570 1773 consumendus:
601 1713 732 1770 venimus
757 1713 835 1770 enim
864 1716 894 1770 in
923 1715 1100 1789 provinciam

152 1807 358 1890 [Laodiceam]
397 1811 522 1888 Sulpicio
558 1822 587 1870 et
622 1810 763 1869 Marcello
798 1811 974 1882 consulibus,
1008 1812 1100 1887 pridie

151 1909 303 1967 Kalendas
327 1909 465 1981 Sextiles3
495 1909 563 1967 inde
586 1927 642 1967 nos
663 1918 778 1984 oportet
800 1908 940 1967 decedere
960 1928 986 1967 a.
1009 1910 1099 1968 dm.

152 2007 307 2066 Kalendas
329 2006 458 2066 Sextiles.
482 2007 635 2064 .Primum
661 2006 838 2064 contendam
862 2025 880 2064 a
908 2005 1018 2077 Quinto
1046 2007 1101 2064 fra-

150 2117 203 2176 tre,
217 2114 249 2163 ut
268 2123 299 2162 se
318 2105 435 2180 praefici
455 2106 586 2181 patiatur,
601 2104 680 2179 quod
699 2112 728 2161 et
747 2103 796 2160 illo
817 2112 845 2160 et
863 2122 911 2161 me
930 2104 1100 2163 invitissimo

151 2205 218 2275 fiet;
248 2203 301 2261 sed
322 2203 401 2260 aliter
419 2202 541 2260 honeste
562 2201 623 2258 fieri
642 2219 704 2259 non
724 2211 827 2276 potest,
847 2203 1014 2277 praesertim
1033 2221 1100 2260 cum

150 2303 245 2360 virum
273 2301 426 2376 optimum,
450 2298 647 2375 Pomptinum,
669 2317 707 2356 ne
735 2315 813 2356 nunc
833 2298 951 2373 quidem
978 2300 1100 2360 retinere

151 2400 282 2475 possim:
307 2400 381 2475 rapit
401 2398 551 2456 hominem
572 2392 674 2477 [enim]
695 2395 861 2455 Postumius
884 2396 1020 2468 Romam,
1042 2398 1101 2456 sor-

151 2508 229 2555 tasse
258 2497 345 2554 etiam
373 2497 530 2554 Postumia.
577 2494 680 2552 Habes
708 2494 830 2552 consilia
858 2505 963 2553 nostra.
1012 2495 1100 2554 Nunc

152 2613 302 2670 cognosce
327 2594 363 2652 de
391 2593 490 2652 Bruto.
535 2612 579 2651 10.
601 2591 767 2650 Familiares
791 2591 879 2650 habet
904 2593 1009 2651 Brutus
1034 2603 1100 2652 tuus

152 2693 299 2767 quosdam
315 2691 468 2750 creditores
484 2691 705 2749 Salaminiorum
719 2707 755 2747 ex
771 2688 878 2765 Cypro,
892 2690 935 2749 M.
952 2690 1100 2766 Scaptium

152 2800 180 2849 et
200 2789 232 2847 P.
248 2788 414 2861 Matinium,
429 2806 503 2865 quos
522 2787 592 2845 mihi
611 2788 752 2845 maiorem
768 2788 797 2845 in
811 2789 934 2846 modum
949 2806 1101 2848 commen·

153 2888 238 2945 davit.
282 2886 436 2944 Matinium
457 2904 519 2943 non
543 2885 628 2956 novi;
659 2885 790 2960 Scaptius
815 2886 852 2943 ad
877 2905 925 2944 me
951 2887 980 2943 in
1007 2895 1100 2944 castra

152 2985 245 3043 venit:
277 2983 419 3060 pollicitus
444 3001 509 3041 sum
534 2991 699 3040 curaturum
723 3001 770 3040 me
795 2981 875 3041 Bruti
900 3001 995 3052 causa,
1017 2993 1049 3041 ut
1073 2984 1100 3041 ei

154 3083 303 3141 Salaminii
327 3083 482 3157 pecuniam
503 3081 661 3151 solverent;
694 3081 753 3154 egit
775 3082 890 3154 gratias.
935 3080 1101 3140 Praefectu-

152 3200 216 3239 ram
239 3181 354 3256 petivit:
385 3181 488 3255 negavi
512 3197 561 3236 me
583 3179 718 3253 cuiquam
740 3179 899 3252 negotianti
921 3178 997 3249 dare,
1019 3180 1100 3255 quod

152 3280 230 3337 idem
253 3279 304 3335 tibi
329 3277 522 3335 ostenderam.
565 3275 618 3334 Cn.
642 3275 783 3350 Pompeio
808 3277 917 3352 petenti
945 3277 1099 3352 probaram

153 3378 312 3436 institutum
332 3392 438 3448 meum,
454 3375 523 3452 quid
542 3373 657 3434 dicam?
699 3373 850 3449 Torquato
872 3372 909 3432 de
930 3373 971 3433 M.
987 3373 1102 3432 Laenio
