2498 3840
147 199 189 261 42
424 192 463 245 u.
486 193 606 242 ronan
627 193 816 243 crcrnonrs
987 181 1087 266 [rarsi.

148 351 186 409 ad
207 349 243 422 Q.
266 348 386 409 Publicii
408 358 533 409 statuam
557 351 705 410 decretum
728 360 780 421 est,
802 356 986 426 erogaretur:
1008 350 1089 426 quod

148 467 205 524 ego
226 459 254 507 te
275 459 303 506 et
324 466 397 524 rogo
418 458 448 507 et
468 450 624 520 admoneo,
644 468 681 506 ne
703 449 766 506 talis
787 449 837 506 viri
857 458 977 524 tamque
998 449 1089 508 nostri

149 548 302 605 necessarii
316 547 460 605 honorem
474 547 565 604 minui
579 565 630 621 per
643 557 672 603 te
686 556 735 604 aut
746 546 878 622 impediri
888 546 966 604 velis.
1003 546 1089 604 Prae-

148 654 227 702 terea
239 644 349 719 Aesopi
371 638 537 722 [tragoedi]‚
552 644 643 700 nostri
662 642 817 713 familiaris,
832 642 960 702 Licinius
980 661 1088 712 servus,

149 741 201 799 tibi
214 751 308 810 notua,
324 741 452 816 aufugit:
473 741 498 798 is
512 739 634 797 Athenis
649 740 727 814 apud
741 738 898 797 Patronem
912 739 1090 814 Epicureum

150 856 203 914 pro
217 839 306 897 libero
321 838 392 908 fuit;
414 837 482 895 inde
501 838 532 894 in
549 837 650 895 Asiam
669 837 754 894 venit.
797 836 904 896 Postea
922 837 1007 896 Plato
1028 839 1090 914 qui·

150 937 218 996 darn
234 936 398 1005 Sardianus,
413 935 582 1011 Epicureus,
597 935 647 1010 qui
661 935 784 994 Athenis
799 935 873 994 solet
886 953 952 993 esse
966 936 1091 993 multum

150 1035 240 1110 etqui
254 1044 315 1092 turn
328 1034 451 1093 Athenis
470 1034 570 1103 fuerat,
586 1053 653 1092 cum
672 1033 800 1093 Licinius
819 1052 856 1092 eo
875 1036 1008 1105 venisset,
1023 1052 1091 1093 cum

151 1151 217 1190 eum
234 1132 383 1207 fugitivum
403 1150 466 1190 esse
487 1142 590 1206 postea
611 1150 648 1189 ex
668 1130 780 1206 Aesopi
800 1132 899 1191 litteris
921 1142 1091 1207 cognosset,

150 1229 300 1287 hominem
319 1229 537 1305 comprehendit
554 1238 583 1287 et
602 1229 631 1286 in
649 1230 812 1288 custodiam
834 1229 945 1306 Ephesi
965 1231 1092 1301 tradidit,

152 1328 203 1385 sed
217 1329 246 1384 in
260 1326 406 1402 publicam
420 1345 459 1384 an
472 1328 503 1384 in
517 1325 670 1402 pistrinum
688 1344 749 1384 non
767 1327 835 1385 satis
855 1346 892 1385 ex
912 1327 1012 1386 litteris
1032 1329 1094 1387 eius

151 1423 315 1498 intellegere
343 1423 505 1498 potuimus:
535 1433 574 1493 tu,
603 1440 724 1498 quoquo
752 1423 843 1481 modo
872 1434 924 1494 est,
953 1425 1095 1500 quoniam

152 1520 262 1596 Ephesi
273 1531 324 1591 est,
332 1519 481 1578 hominem
492 1521 645 1596 investiges
659 1521 744 1578 velim
760 1538 931 1597 summaque
946 1521 1096 1598 diligentia

152 1618 196 1676 vel
210 1629 306 1676 tecum
321 1618 455 1676 deducas.
492 1616 561 1676 Noli
576 1628 715 1693 spectare,
727 1619 827 1693 quanti
841 1617 932 1676 homo
944 1620 982 1677 sit
990 1638 998 1690 ;
1015 1621 1095 1696 parvi

153 1719 231 1775 enim
258 1717 340 1792 pretii
368 1725 419 1785 est,
442 1716 491 1792 qui
520 1716 579 1773 iam
605 1716 686 1773 nihili
714 1726 773 1785 est;
804 1716 857 1774 sed
884 1726 967 1775 tanto
993 1717 1095 1776 dolore

152 1816 288 1889 Aesopus
301 1823 346 1872 est
360 1813 489 1870 adfectus
503 1822 622 1888 propter
637 1813 710 1871 servi
727 1814 820 1872 scelus
841 1822 870 1872 et
888 1815 1049 1887 audaciam,
1064 1827 1096 1874 ut

153 1912 222 1968 nihil
250 1913 276 1970 ei
304 1912 412 1987 gratius
438 1909 533 1968 faeere
560 1911 666 1988 possis,
694 1928 783 1986 quam
815 1912 840 1970 si
870 1912 950 1971 illum
983 1931 1036 1989 per
1068 1924 1096 1973 te

153 2009 336 2084 recuperarit.
569 1992 573 1999 ¹

194 2106 230 2164 V.
257 2120 300 2178 15.
323 2105 410 2164 Nunc
424 2124 458 2163 ea
472 2123 630 2180 cognosce,
642 2124 717 2183 quae
730 2107 857 2165 maxime
872 2117 1013 2183 exoptas:
1034 2127 1097 2167 rem

154 2203 301 2279 publicam
328 2202 454 2260 funditus
478 2203 636 2273 amisimus,
660 2204 733 2262 adeo
757 2214 789 2263 ut
814 2203 899 2275 Cat0‚
922 2206 1097 2265 adulescens

155 2300 258 2358 nullius
280 2299 399 2369 consilii,
421 2300 473 2357 sed
495 2309 593 2357 tamen
617 2301 687 2358 civis
713 2301 866 2361 Romanus
890 2311 920 2360 et
943 2301 1028 2375 Cato,
1050 2304 1098 2361 vix

155 2398 234 2454 vivus
258 2397 404 2471 effugeret,
426 2396 514 2472 quod,
540 2415 608 2454 curn
633 2397 794 2456 Gabinium
818 2399 855 2457 de
878 2400 991 2457 ambitu
1015 2399 1100 2458 vellet

156 2493 308 2569 postulare,
319 2511 413 2569 neque
428 2503 576 2569 praetores
591 2493 693 2553 diebus
708 2495 816 2572 aliquot
830 2496 902 2554 adiri
915 2507 1040 2573 possent
1053 2498 1099 2554 vel

157 2600 329 2668 potestatem
350 2591 394 2648 sui
415 2590 550 2659 lacerent,
570 2591 601 2646 in
622 2593 791 2650 contionem
809 2593 941 2651 escendit
962 2604 992 2652 et
1013 2594 1099 2653 Pom-

157 2690 254 2765 peium
276 2689 416 2764 privatum
437 2688 607 2746 dictatorcm
628 2689 795 2764 appellavit;
821 2691 941 2767 propius
962 2692 1035 2750 nihil
1056 2703 1101 2752 est

157 2788 273 2857 factum,
299 2804 387 2861 quam
414 2796 446 2844 ut
473 2786 661 2844 occideretur.
703 2787 748 2844 Ex
776 2787 841 2859 hoc,
864 2789 914 2864 qui
943 2791 980 2848 sit
1009 2801 1101 2850 status

157 2887 244 2943 totius
272 2885 314 2942 rei
341 2884 480 2959 publicae,
510 2882 606 2941 videre
634 2893 728 2960 potes.
777 2885 823 2943 16.
847 2885 974 2945 Nostrae
1002 2897 1102 2947 tamen

159 3001 263 3039 causae
291 2999 351 3038 non
379 2981 510 3039 videntur
538 2980 672 3039 homines
700 2981 840 3040 defuturi:
875 2984 1043 3044 mirandum
1071 2988 1102 3044 in

159 3080 280 3136 modurn
307 3079 485 3155 profitentur,
510 3077 636 3136 offerunt
663 3097 703 3147 se,
730 3080 911 3154 pollicentur.
955 3082 1104 3158 Equidem

161 3195 227 3234 cum
252 3195 303 3252 spe
326 3195 391 3234 sum
415 3178 549 3246 maxima,
575 3185 636 3234 turn
659 3177 770 3235 maiore
795 3178 882 3236 etiam
906 3179 1016 3252 animo,
1040 3199 1104 3258 spe,

161 3275 322 3348 superiores
336 3275 397 3333 fore
411 3291 475 3344 nos,
491 3275 598 3345 animo,
613 3282 645 3332 ut
659 3274 689 3330 in
703 3274 758 3333 hac
770 3293 803 3332 re
816 3275 933 3350 publica
946 3295 985 3335 ne
1002 3295 1105 3337 casum

162 3369 279 3447 quidem
293 3371 383 3429 ullum
397 3371 608 3447 pertimescam.
652 3370 710 3429 Sed
724 3382 823 3431 tamen
836 3388 868 3430 se
882 3390 927 3431 res
942 3373 984 3432 sic
999 3373 1104 3437 habet:
