2392 3848
121 201 163 248 ιο
400 192 439 244 M.
466 193 586 241 aaran
608 191 795 242 areanorum
962 179 1040 264 [Pars
1057 195 1078 245 ι.

123 352 191 412 ‘tibi
225 371 286 412 non
316 349 521 410 crediderunt!
577 350 668 408 ‘Mihi
699 350 787 410 vero'
823 351 944 428 inquam
977 354 1076 410 ‘xxx

122 451 232 509 iudices
259 448 449 518 crediderunt,
479 467 566 517 xxxa,
590 448 731 524 quoniam
759 467 895 506 nummos
923 455 993 505 ante
1024 465 1076 506 ac·

122 556 269 624 ceperunt,
302 547 352 604 tibi
383 545 452 602 nihil
484 546 683 620 crediderunt)
740 545 858 621 Magnis
891 542 1075 603 clamoribus

123 645 255 703 adflictus
276 642 414 702 conticuit
434 651 463 700 et
484 643 618 700 concidit.
637 644 709 701 ἢκιι.
732 643 839 701 Noster
860 652 958 701 autem
976 652 1075 701 status

122 752 167 801 est
201 741 266 800 hic:
301 739 379 815 apud
413 741 508 797 bonos
542 740 631 798 iidem
666 758 775 810 sumus,
811 758 886 816 quos
918 739 1075 814 reliquisti,

35 850 44 881 ‘·
124 839 203 916 apud
238 838 376 912 widem„
390 838 469 894 urbis
503 847 531 895 et
565 836 676 911 {aecem
712 837 801 895 multo
839 837 940 895 melius
979 855 1075 909 nunc,

125 956 217 1014 quam
244 955 305 994 cum
333 935 488 1010 reliquisti:
520 954 589 993 nam
616 946 644 993 et
672 935 740 994 illud
768 936 853 994 nobis
881 952 942 993 non
974 934 1076 1006 obest,

124 1035 214 1094 videri
242 1044 375 1092 nostrum
403 1034 600 1092 testimonium
625 1053 686 1092 non
713 1035 850 1092 valuisse:
890 1033 999 1092 missus
1029 1042 1077 1093 est

125 1134 245 1209 sanguis
271 1132 394 1189 invidiae
425 1131 487 1189 sine
515 1131 614 1189 dolore
625 1151 633 1203 ;
662 1143 748 1207 atque
777 1132 864 1190 etiam
883 1131 941 1189 hoc
965 1131 1077 1207 magiS,

126 1230 207 1308 quod
241 1247 345 1286 omnes
373 1228 412 1286 illi
440 1227 563 1286 fautores
598 1229 671 1287 illius
704 1230 803 1304 flagitii
836 1247 898 1287 rem
931 1228 1078 1287 manifes-

124 1340 186 1386 tam
223 1327 301 1384 illam
336 1326 517 1401 redemptam
551 1344 614 1383 esse
650 1345 667 1384 a
705 1327 847 1385 iudicibus
879 1325 1078 1398 confitentur;

126 1425 239 1484 accedit
259 1424 338 1493 illud,
355 1422 434 1499 quod
455 1422 502 1480 illa
523 1435 592 1481 cont
582 1424 696 1482 tionalis
716 1425 819 1483 hirudo
841 1424 949 1529 ²25?th
942 1425 1081 1492 ,misera

127 1543 161 1583 ac
189 1523 287 1582 ieiuna
314 1520 474 1617 plebecula,
504 1539 552 1579 me
585 1522 621 1579 ab
649 1521 706 1580 hoc
734 1521 847 1596 Magno
875 1491 960 1579 uuile
943 1522 1081 1599 ediligi

126 1630 215 1699 putat,
231 1630 259 1678 et
273 1618 388 1677 hercule
402 1619 492 1675 multa
506 1628 535 1676 et
548 1619 674 1678 iucunda
692 1620 901 1678 consuetudine
922 1620 1081 1679 coniuncti

126 1719 277 1777 internos
300 1734 409 1785 sumus,
435 1734 527 1792 usque
555 1735 600 1786 eo,
630 1727 661 1774 ut
686 1718 775 1774 nostri
799 1717 845 1774 isti
868 1717 1082 1798 comissatores

129 1815 345 1899 coniurationis,
360 1815 501 1871 barbatuli
522 1815 648 1886 iuvenes,
664 1814 743 1872 illum
765 1816 795 1872 in
816 1791 1003 1873 sermonibus
1024 1816 1082 1876 Cn.

129 1913 303 1972 Ciceronem
331 1911 494 1986 appellant3
527 1912 623 1987 itaque
652 1922 680 1983 et
707 1913 781 1970 ludis
810 1923 838 1971 et
864 1912 1084 1996 gladiatoribus

128 2011 310 2068 mirandas’
297 2011 466 2079 επισημασίας
485 2010 548 2068 sine
569 2009 627 2066 ulla
642 2010 795 2085 pastoricia
809 2009 904 2069 fistula
924 2009 1085 2072 aufereba-

130 2127 205 2167 mus
251 2106 413 2166 12.Nunc
441 2116 485 2165 est
512 2109 689 2183 exspectatio
718 2109 912 2179 comitiorum,
939 2108 971 2167 in
1003 2128 1084 2186 quae

130 2205 289 2264 omnibus'
282 2204 376 2262 invitis
382 2173 480 2261 trudit
492 2214 590 2264 noster
605 2204 638 2262 M
625 2205 732 2279 Iagnus
746 2204 813 2262 Auli
827 2204 926 2274 filium,
940 2209 1061 2280 atque
1053 2227 1085 2266 m

130 2322 166 2362 eo
191 2321 288 2378 neque
315 2302 484 2359 auctoritate
512 2320 608 2378 neque
632 2302 725 2376 gratia
747 2294 866 2377 pugnat,
892 2301 944 2359 sed
969 2305 1086 2378 quibus

130 2400 279 2475 Philippus
294 2400 393 2457 omnia
404 2408 465 2456 cast
454 2399 520 2457 etlla
534 2400 694 2476 expugnari
708 2418 796 2475 posse
810 2399 924 2457 dicebat
940 2395 985 2478 [in
1004 2420 1085 2478 quae

130 2497 221 2556 modo
244 2496 350 2555 asellus
365 2506 549 2606 wonustug
526 2514 596 2554 auro
622 2506 721 2572 posset
748 2492 938 2576 ascendere];
972 2501 1086 2560 consul

130 2605 228 2654 autem
242 2594 290 2671 ille
303 2593 351 2661 det
340 2564 611 2701 teriomslusuronis
626 2594 725 2652 similis
739 2594 903 2669 suscepisse
923 2597 1086 2670 negotium

130 2693 233 2752 dicitur
248 2701 277 2750 et
303 2691 384 2750 domi
409 2673 556 2750 divisores
571 2692 694 2763 habere;
719 2692 798 2767 quod
816 2710 872 2768 ego
895 2709 956 2750 non
978 2696 1085 2756 credo.

131 2790 190 2848 Sed
206 2798 322 2847 senatus
338 2788 473 2862 consulta
487 2789 568 2846 duo
561 2807 619 2846 ram
638 2788 715 2847 facta
734 2790 936 2859 suntodiosa,
951 2793 1086 2866 quodni

132 2886 286 2946 consulem
309 2884 385 2942 sacta
404 2896 549 2961 putantur,
572 2885 685 2944 Catone
707 2897 735 2944 et
752 2885 882 2945 Domitio
902 2888 1086 2963 postulante,

131 3001 233 3053 unum,
249 2991 280 3040 ut
302 2982 380 3058 apud
402 2984 587 3058 magistratus
608 2983 712 3060 inquiri
729 2982 835 3055 liceret,
849 2984 981 3056 alterum,
998 2989 1087 3049 cuius

133 3081 214 3139 dorni
238 3081 376 3139 divisores
398 3080 568 3165 habitarent,
587 3074 725 3165 adversus
748 3100 809 3138 rem
832 3083 988 3158 publicam.
1039 3088 1088 3165 13'.

135 3178 231 3237 Lurco
246 3189 342 3236 autern
356 3180 485 3259 tribunus
500 3180 547 3254 pl.,
559 3180 608 3256 qui
623 3181 821 3254 magistratum
836 3179 920 3238 simul
934 3198 1005 3239 cum
1018 3184 1088 3264 lege

135 3274 219 3333 Aelia
241 3276 312 3344 iniit,
338 3254 448 3361 solutus
474 3285 517 3334 est
540 3286 568 3334 et
592 3276 727 3335 Aeliaet
716 3275 841 3347 tFufia,
866 3287 898 3334 ut
919 3275 1021 3351 legem
1050 3280 1089 3345 de
1117 3312 1119 3335 t

135 3350 249 3435 ambitu
263 3355 355 3446 ferret,
385 3392 473 3451 quam
501 3374 547 3432 ille
575 3373 655 3433 bono
684 3375 814 3454 auspicio
842 3374 962 3434 claudus
990 3376 1088 3444 homo

840 3493 872 3523 c
861 3447 973 3538 rlpfll'ol
