2498 3840
149 168 213 253 236
420 182 459 233 M.
485 183 604 233 ruanrr
625 183 812 233 ercnuurrrs
981 170 1093 256 [amu.

149 339 211 397 urbi
227 346 256 396 et
270 336 331 396 otio
348 336 507 396 diffiderem
522 339 634 397 urbano
647 359 656 412 3
678 338 730 398 sed
745 340 783 398 ita
802 356 972 416 compressa
984 359 1031 399 rer
1043 350 1094 408 est,

148 446 181 496 ut
194 436 265 493 mihi
279 435 428 494 videamur
446 453 535 495 omne
552 437 609 494 iam
631 436 668 495 ad
682 445 797 513 tempus
818 437 855 495 ab
874 437 923 495 illo
944 437 1095 496 dumtaxat

148 534 349 594 sordidissimo
364 533 492 609 periculo
507 535 559 593 tuti
574 535 668 593 futuri.
709 534 834 612 Reliqua
851 553 961 612 magna
979 545 1049 594 suut
1060 553 1095 595 ac

148 631 244 703 multa,
270 631 322 690 sed
345 631 442 706 posita
465 625 564 690 omnia
587 632 617 689 in
636 633 734 690 vobis:
765 650 944 710 quamquam
968 633 1096 709 primum

148 728 276 804 quidque
295 728 482 802 explicemus.
524 727 611 799 Nam,
626 737 658 787 ut
677 728 772 787 adhuc
788 729 906 805 quidem
925 740 1025 791 aetum
1043 739 1094 800 est,

148 844 208 884 non
232 843 333 900 regn0,
357 825 410 883 sed
432 843 501 900 rege
526 825 636 884 liberati
658 826 808 898 videmur;
838 826 991 886 interiecto
1016 827 1094 887 enim

148 940 217 998 rege
230 922 327 997 regios
349 921 444 979 omnis
462 930 549 980 nutus
563 932 685 980 tuemur.
728 921 832 998 Neque
846 941 916 983 vero
937 923 969 982 id
990 922 1095 995 sotum,

148 1020 200 1080 sed
222 1020 315 1088 etiam,
334 1037 408 1094 quae
429 1019 491 1094 ipse
512 1019 565 1090 ille,
586 1020 610 1077 si
630 1020 744 1090 viveret,
763 1037 825 1078 non
845 1019 962 1092 faceret,
983 1039 1020 1081 ea
1040 1039 1095 1083 nos

149 1119 231 1192 quasi
254 1117 379 1193 cogitata
403 1118 440 1174 ab
461 1117 509 1174 illo
530 1119 697 1192 probamus.
739 1115 804 1175 Nee
828 1119 890 1176 eius
912 1118 1032 1193 quidem
1053 1120 1095 1179 rei

148 1214 236 1271 finem
257 1215 359 1272 video:
380 1214 494 1272 tabulae
516 1215 661 1289 figuntur3
682 1214 878 1273 immunitates
900 1214 1023 1289 dantur3
1043 1234 1094 1292 pe·

149 1313 252 1370 cuniae
266 1312 410 1369 maximae
429 1311 621 1370 discribuntur
631 1329 638 1381 ;
661 1312 774 1371 exsules
793 1313 971 1371 reducuntur
980 1331 989 1384 3
1012 1331 1094 1373 sena·

148 1420 194 1468 tus
219 1409 351 1468 consulta
375 1408 447 1468 salsa
471 1409 653 1468 reseruntur:
686 1419 717 1467 ut
741 1418 853 1468 tantum
877 1409 969 1469 modo
994 1410 1096 1469 odium

148 1507 217 1565 illud
240 1505 366 1565 hominis
394 1507 500 1582 impuri
528 1516 557 1565 et
584 1506 727 1566 servitutis
756 1507 839 1566 dolor
864 1506 1002 1584 depulsus
1029 1526 1095 1567 esse

148 1603 285 1674 videatur,
300 1622 346 1663 res
360 1604 476 1679 publica
489 1604 582 1662 iaceat
595 1603 626 1661 in
640 1603 674 1661 iis
689 1605 960 1679 perturbationibus,
976 1605 1007 1663 in
1021 1622 1095 1682 quas

149 1720 214 1761 eam
229 1702 274 1759 ille
289 1701 420 1760 coniecit.
465 1720 489 1761 a.
513 1700 597 1760 Haec
611 1701 711 1759 omnia
725 1702 807 1760 vobis
822 1711 890 1761 sunt
902 1703 1095 1777 expedienda,

149 1819 204 1859 nec
225 1799 283 1858 hoe
305 1799 503 1874 cogitandum,
526 1799 595 1857 satis
617 1798 675 1855 iam
696 1798 803 1857 habere
827 1817 889 1858 rem
910 1801 1057 1876 publicam
1077 1821 1096 1861 a

148 1898 248 1958 vobis:
268 1897 355 1956 habet
369 1897 416 1955 illa
427 1896 545 1972 quidem
559 1903 681 1965 tanturn,
692 1907 834 1971 quantum
847 1915 1009 1974 numquam
1024 1898 1097 1959 mihi

149 1997 179 2054 in
193 2005 321 2055 mentem
335 1995 412 2053 venit
427 2004 535 2069 optare,
552 1994 604 2052 sed
618 2002 754 2053 contenta
768 2013 829 2053 non
844 2005 888 2056 est
902 2006 931 2055 et
943 2014 999 2072 pro
1012 2015 1096 2074 mag·

150 2094 278 2152 nitudine
293 2104 321 2151 et
336 2093 423 2151 animi
437 2101 466 2150 et
479 2090 612 2151 beneficii
626 2091 711 2148 vestri
726 2110 744 2149 a
757 2093 840 2151 vobis
854 2111 962 2168 magna
982 2094 1097 2155 deside·

150 2199 193 2249 rat
207 2189 310 2250 adhuc.
352 2188 421 2249 Ulta
435 2207 502 2249 suas
516 2189 634 2247 iniurias
648 2199 691 2247 est
705 2207 757 2264 per
768 2208 820 2249 vos
834 2191 949 2250 interitu
963 2191 1095 2268 tyranni3

150 2288 220 2347 nihil
240 2288 380 2363 amplius:
402 2296 573 2345 ornamenta
589 2304 658 2344 vero
680 2305 732 2345 sua
753 2306 827 2364 quae
848 2288 1036 2364 reciperavit?
1057 2308 1096 2351 an

151 2385 231 2460 quod
251 2386 278 2442 ei
299 2395 413 2443 mortuo
437 2395 526 2460 paret,
548 2402 635 2460 quem
656 2384 752 2442 vivum
775 2384 848 2444 ferre
872 2404 933 2444 non
958 2389 1095 2462 poterat?

151 2483 233 2541 cuius
258 2500 324 2540 aera
346 2483 466 2557 refigere
492 2481 678 2551 debebamus,
701 2482 763 2540 eius
791 2484 877 2542 etiarn
901 2484 1096 2560 chirographa

152 2579 352 2639 defendimus?
394 2580 451 2638 ‘At
465 2582 542 2639 enim
554 2580 592 2638 ita
606 2580 802 2640 decrevimus'
843 2581 977 2642 Fecimus
991 2582 1022 2641 id
1033 2583 1096 2660 qui·

151 2678 219 2736 dem
233 2678 411 2754 temporibus
425 2678 569 2750 cedentes,
585 2695 659 2753 quae
673 2677 768 2737 valent
783 2679 813 2736 in
833 2698 863 2737 re
877 2680 993 2755 publica
1006 2681 1095 2756 pluri·

150 2795 249 2848 mum;
271 2774 323 2834 sed
337 2774 526 2833 immoderate
541 2774 658 2850 quidem
673 2785 702 2833 et
715 2776 826 2851 ingrate
846 2786 945 2836 nostra
959 2776 1095 2838 facilitate

150 2876 315 2933 abutuntur.
355 2872 466 2931 Verum
480 2872 552 2930 haec
566 2873 735 2948 propediem
751 2883 781 2932 et
794 2873 884 2933 multa
902 2874 958 2934 alia
978 2893 1095 2937 coram:

150 2972 263 3033 interim
277 2970 362 3030 velim
385 2972 426 3029 sic
447 2970 497 3028 tibi
516 2970 699 3045 persuadeas,
714 2971 784 3029 mihi
807 2991 874 3031 cum
893 2973 936 3031 rei
950 2974 1093 3049 publicae,

150 3087 239 3146 quarn
254 3087 369 3145 semper
384 3069 470 3127 habui
485 3068 670 3139 carissimam,
686 3079 747 3127 tum
767 3070 874 3128 amoris
893 3071 986 3129 nostri
1005 3090 1095 3133 eausa

149 3167 293 3225 maximae
318 3185 403 3225 curae
427 3184 491 3226 esse
515 3175 596 3226 tuam
620 3165 798 3243 dignitatem.
840 3166 889 3226 Da
911 3185 1042 3246 operam,
1063 3179 1096 3232 ut

149 3263 253 3322 valeas.
294 3259 401 3343 [Vale]
