2392 3848
117 183 158 249 62
392 197 430 248 rr.
456 199 573 246 rurrrr
596 199 782 247 oroxxonrs
834 196 835 199 ’
939 181 1010 271 [ran
1025 199 1054 248 u.

116 353 328 430 gratissimique
363 365 391 412 et
425 354 480 430 ipsi
519 364 548 412 et
582 354 719 413 omnibus
754 349 925 424 videremur,
960 353 1056 427 itaque

116 450 264 510 faciemus.
307 452 365 510 Sed
393 453 470 511 idem
498 452 604 510 Nerius
632 453 718 511 index
747 453 835 510 edidit
857 453 894 511 ad
915 452 1056 528 adligatos

117 547 172 606 Cn.
186 549 342 607 Lentulum
353 549 469 607 Vatiam
482 559 510 608 et
525 549 558 608 C.
570 549 757 608 Cornelium:
772 550 792 618 †
803 551 858 609 ista
871 551 906 608 ei.
942 549 1056 609 Eodem

117 647 163 704 die
185 659 301 705 senatus
323 649 487 706 consultum
508 649 687 720 factumest,
708 660 739 707 ut
760 649 925 707 sodalitates
946 649 1057 707 decuri-

116 744 212 820 atique
240 745 429 815 discederent
410 747 561 822 tlexque
586 747 622 804 de
648 748 682 805 iis
710 747 836 816 ferretur,
864 757 904 817 ut,
926 747 977 822 qui
998 765 1057 804 non

117 843 325 960 discessisseqt,
357 863 393 901 ea
420 863 525 920 poena,
559 863 632 921 quae
667 855 711 903 est
700 845 781 903 tde
812 844 847 914 vi,
884 853 1057 902 tenerentur.

117 943 144 999 6.
166 943 201 1000 A.
218 943 244 1001 d
260 907 301 1000 nl
322 942 392 1000 Idus
413 942 496 1000 Febr.
519 943 577 1000 dixi
598 961 651 1018 pro
672 942 769 1000 Bestia
790 942 827 1000 de
848 942 958 998 ambitu
979 943 1066 1026 apud⁸

116 1050 279 1114 praetorem
301 1039 355 1098 Cn.
377 1039 571 1097 Domitium
564 1059 592 1097 m
621 1039 684 1097 foro
708 1040 814 1110 medio,
836 1040 965 1097 maximo
988 1058 1057 1097 con·

115 1147 212 1206 ventu,
232 1137 377 1213 incidique
397 1138 427 1194 in
449 1155 515 1194 eum
537 1138 633 1194 locum
655 1138 683 1194 in
705 1137 837 1207 dicendo
857 1154 924 1194 cum
948 1136 1057 1194 Sestius

116 1235 213 1293 multis
241 1235 271 1290 in
298 1234 408 1310 templo
429 1233 559 1292 Castoris
580 1235 744 1293 volneribus
772 1235 899 1309 acceptis
927 1235 1058 1292 subsidio

117 1331 231 1390 Bestiae
259 1342 385 1390 servatus
413 1341 497 1389 esset.
553 1333 611 1390 Hic
644 1336 892 1408 προῳκονομησάμηι
918 1332 1057 1408 quiddam

117 1432 236 1503 εὐκαίρως
257 1429 294 1487 de
314 1430 356 1499 iis,
385 1429 513 1505 quaein
536 1429 659 1488 Sestium
688 1429 900 1505 adparabantur
927 1429 1056 1500 crimina,

118 1538 146 1585 et
173 1545 241 1584 eum
262 1528 362 1585 ornavi
382 1529 456 1584 veris
477 1527 617 1598 laudibus,
638 1544 747 1602 magno
770 1526 896 1585 adsensu
916 1528 1057 1585 omnium.

119 1624 180 1684 Res
202 1625 312 1684 homini
334 1625 384 1684 fuit
404 1626 588 1683 vehementer
608 1636 707 1701 grata:
729 1643 804 1701 quae
824 1626 875 1682 tibi
896 1643 932 1682 eo
953 1627 1057 1690 scribo

118 1723 198 1800 quod
212 1743 259 1782 me
275 1724 311 1781 de
325 1724 473 1807 retiqenda
488 1723 571 1781 Sestii
591 1734 653 1798 grat
654 1723 681 1780 ia
643 1723 729 1781 tlit
718 1725 795 1781 tteris
811 1741 896 1798 saepe
910 1724 1057 1781 monuisti.

160 1834 186 1894 7.
208 1822 301 1880 Pridie
323 1788 403 1880 Iud}
414 1822 497 1880 Febr.
518 1822 590 1880 haec
612 1822 712 1898 scripsi
733 1831 799 1878 ante
772 1821 932 1892 tlucem;
954 1838 990 1879 eo
1013 1821 1058 1878 die

119 1919 196 1994 apud
208 1920 425 1995 Pomponium'
418 1939 447 1976 ιιι
462 1921 523 1977 eius
538 1921 643 1995 nuptiis
658 1937 736 1976 eram
752 1929 911 1977 cenaturus.
955 1918 1009 1977 Cet
999 1929 1058 1976 tera

120 2026 186 2074 sunt
200 2017 229 2073 in
243 2019 328 2074 rebus
343 2018 448 2074 nostris
467 2016 551 2074 huius
568 2016 656 2086 modi,
674 2024 706 2073 ut
718 2027 748 2074 tu
762 2015 832 2073 mihi
846 2016 904 2073 lere
919 2015 1058 2075 diffidenti

119 2113 314 2188 praedicabas,
331 2113 416 2189 plena
431 2114 575 2188 dignitatis
590 2125 619 2171 et
633 2115 757 2188 gratiae‚·
780 2132 853 2189 qnae
868 2112 985 2188 quidem
1001 2123 1057 2185 tua,

119 2212 159 2268 mi
180 2211 273 2281 frater,
295 2213 439 2287 patientia,
461 2212 569 2282 virtute,
591 2213 704 2286 pietate,
727 2214 864 2270 suavitate
885 2212 980 2281 etiam,
1009 2212 1058 2269 tibi

120 2308 248 2384 mihique
276 2320 342 2367 sunt
369 2310 504 2367 restituta.
547 2309 663 2368 Domus
683 2310 733 2367 tibi
757 2311 795 2368 ad
822 2310 919 2368 lucum
945 2310 1058 2368 Pisonis

119 2406 281 2464 Luciniana
302 2407 445 2465 conducta
462 2417 521 2479 est3
544 2408 603 2477 sed,
625 2416 655 2464 ut
677 2425 770 2482 spero,
791 2408 890 2483 paucis
910 2409 1059 2464 mensibus

120 2514 187 2580 post
201 2504 239 2562 K.
251 2504 394 2575 Quintiles
408 2505 438 2562 in
452 2516 531 2562 tuam
546 2506 758 2580 commigrabis.
794 2505 891 2562 Tuam
905 2505 934 2562 iu
947 2504 1058 2564 Carinis

119 2602 219 2660 mundi
238 2602 413 2660 habitatores
427 2602 545 2661 Lamiae
564 2604 774 2662 conduxerunt.
816 2603 844 2659 A
859 2614 886 2660 te
900 2613 968 2678 post
982 2603 1058 2660 illam

120 2701 289 2760 Olbiensem
312 2700 463 2774 epistolam
492 2701 583 2759 nullas
608 2701 713 2759 litteras
738 2700 845 2776 accepi.
888 2699 967 2770 Quid
989 2719 1059 2776 agas

120 2809 148 2856 et
162 2809 194 2858 ut
208 2808 236 2856 te
250 2797 385 2867 oblectes
401 2798 472 2856 scire
492 2800 578 2874 cupio
596 2800 780 2875 maximeque
800 2809 828 2856 te
848 2799 944 2873 ipsum
963 2798 1059 2856 videre

119 2896 355 2973 quamprimum.
398 2895 483 2967 Cura,
498 2898 538 2953 mi
559 2896 612 2954 lrat
602 2908 652 2967 ter,
666 2907 697 2954 ut
716 2896 810 2954 valeas
830 2905 866 2967 et,
882 2914 1060 2972 quamquam

119 3006 163 3053 est
183 2994 284 3067 hiems,
304 3003 400 3052 tamen
423 2993 640 3095 Sardiniam't
604 3005 640 3052 1st
642 3012 688 3052 am
710 3012 774 3080 esse
795 2995 914 3097 cogites.
956 3014 1002 3054 xv.
1020 2993 1059 3053 K.

119 3090 247 3151 Martias
583 3094 586 3101 '
911 3101 913 3104 ’
