2392 3848
123 214 167 279 ep
184 198 255 285 ut]
317 210 429 263 uersa.
453 210 503 260 Aa
524 211 747 261 asnrrmaas
769 212 817 261 rx.
844 217 893 279 14.
1003 214 1065 281 227

121 370 180 431 tuis
193 368 335 430 laudibus
379 368 538 430 Neminem
557 371 864 431 conveni—convenio
883 378 979 428 autem
994 385 1067 447 quo-

122 468 191 528 tidie
205 468 363 546 plurimos3
385 479 452 528 sunt
467 470 545 528 enim
559 470 692 545 permulti
706 469 808 546 optimi
822 469 881 539 viri,
896 468 946 544 qui
959 467 1068 525 valetu-

122 567 199 627 dinis
217 584 305 626 causa
318 567 349 624 in
362 565 434 625 haec
454 566 519 626 loca
537 568 661 638 veniant,
678 577 826 644 praeterea
846 585 883 624 ex
904 565 1068 641 municipiis

121 662 287 740 frequentes
305 665 459 723 necessarii
473 666 580 735 mei-,
596 666 666 741 quin
684 683 796 735 omnes,
812 683 879 724 cum
898 675 927 723 te
946 663 1068 722 summis

120 761 256 821 laudibus
280 760 318 819 ad
339 761 451 821 caelum
476 763 646 833 extulerunt,
666 763 738 820 mihi
759 765 900 822 continuo
924 763 1068 822 maximas

121 860 230 937 gratias
254 869 358 935 agant;
387 870 496 935 negant
521 861 599 918 enim
627 879 659 918 se
688 861 817 918 dubitare
843 861 913 937 quin
940 869 971 918 tu
996 861 1069 920 meis

120 958 285 1037 praeceptis
307 968 335 1016 et
357 957 484 1016 consiliis
508 959 713 1034 obtemperans
739 959 1017 1034 praestantissimum
1041 968 1069 1016 te

120 1056 216 1115 civem
237 1064 266 1113 et
286 1054 462 1129 singularem
484 1054 633 1113 consulem
654 1055 810 1131 praebeas:
835 1074 862 1113 2.
884 1055 989 1131 quibus
1011 1072 1068 1131 ego

121 1170 302 1229 quamquam
319 1153 464 1211 verissime
485 1169 606 1228 possum
628 1152 805 1228 respondere
824 1162 861 1223 te,
876 1171 951 1229 quae
970 1152 1068 1224 iacias

120 1260 175 1311 tuo
188 1250 294 1309 iudicio
308 1260 338 1309 et
351 1259 401 1308 tua
415 1259 520 1326 sponte
531 1249 626 1308 lacere
641 1268 696 1308 nec
711 1250 882 1326 cuiusquam
896 1269 981 1327 egere
996 1268 1067 1309 con-

121 1348 197 1421 silio,
216 1359 315 1407 tamen
335 1367 431 1424 neque
452 1346 539 1424 plane
560 1347 715 1419 adsentior,
738 1367 775 1406 ne
796 1349 968 1406 imminuam
989 1360 1070 1406 tuam

121 1446 249 1513 laudem,
264 1447 289 1505 si
303 1446 400 1504 omnis
413 1464 431 1503 a
444 1446 517 1503 meis
535 1444 663 1504 consiliis
677 1445 807 1521 profecta
821 1445 959 1517 videatur,
973 1465 1069 1522 neque

121 1544 207 1605 valde
233 1561 418 1622 nego-sum
445 1543 524 1601 enim
551 1543 660 1601 avidior
689 1544 776 1602 etiam
805 1563 893 1620 quam
927 1545 995 1603 satis
1026 1556 1070 1603 est

121 1642 291 1721 gloriae-3
312 1649 343 1699 et
355 1650 454 1698 tamen
473 1657 535 1698 non
557 1640 683 1698 alienum
702 1650 746 1699 est
761 1641 900 1716 dignitate
916 1650 973 1713 tua,
989 1641 1070 1718 quod

122 1740 180 1818 ipsi
206 1737 432 1815 Agamemnoni,
462 1754 565 1813 regum
593 1739 663 1813 regi,
691 1736 744 1796 fuit
771 1737 934 1809 honestum,
964 1739 1071 1797 habere

123 1838 252 1914 aliquem
286 1835 317 1893 iu
344 1834 472 1893 consiliis
506 1835 655 1910 capiendis
688 1835 862 1909 Nestorem3
898 1837 969 1894 mihi
1002 1854 1070 1895 vero

122 1935 285 2013 gloriosum
312 1942 341 1992 te
369 1933 501 1992 iuvenem
530 1932 679 1991 consulem
703 1933 806 1992 florere
831 1934 964 1993 laudibus
988 1935 1070 2012 quasi

123 2034 276 2094 alumnum
297 2031 465 2108 disciplinae
486 2049 579 2089 meae.
623 2051 650 2106 3.
672 2032 707 2091 L.
725 2032 843 2108 quidem
864 2032 981 2104 Caesar,
1003 2051 1071 2091 cum

123 2132 253 2191 adeum
280 2137 431 2204 aegrotum
452 2126 608 2205 Neapolim
630 2130 782 2200 venissem,
804 2148 983 2207 quamquam
1010 2142 1071 2190 erat

123 2244 285 2306 oppressus
299 2227 388 2285 totius
403 2227 533 2302 corporis
547 2227 704 2298 doloribus,
716 2237 814 2285 tamen
829 2237 905 2298 ante,
920 2246 1009 2303 quam
1024 2248 1072 2287 me

125 2326 213 2403 plane
228 2325 367 2395 salutavit,
390 2323 437 2383 ‘O
457 2325 496 2381 mi
512 2323 634 2395 Cicero,’
656 2325 749 2400 inquit
770 2326 914 2401 ‘gratulor
930 2327 989 2398 tibi,
1004 2344 1072 2386 cum

125 2432 240 2483 tantum
264 2422 342 2481 vales
369 2420 448 2497 apud
472 2420 663 2491 Dolabellam,
690 2432 831 2497 quantum
860 2424 884 2481 si
911 2442 968 2500 ego
993 2427 1074 2500 apud

125 2521 236 2581 sororis
247 2520 337 2578 lilium
348 2519 481 2588 valerem,
496 2519 554 2576 iam
569 2518 638 2576 salvi
653 2537 717 2577 esse
732 2535 895 2595 possemus.
936 2519 1075 2580 Dolabel-

126 2618 172 2677 lae
182 2635 252 2676 vero
266 2626 317 2674 tuo
332 2626 361 2674 et
373 2615 502 2692 gratulor
516 2625 544 2674 et
558 2616 665 2692 gratias
679 2634 753 2693 ag03
775 2635 864 2693 quern
874 2618 992 2694 quidem
1007 2632 1074 2696 post

126 2724 156 2775 te
185 2714 336 2774 consulem
365 2714 459 2772 solum
487 2733 643 2792 possumus
671 2734 737 2774 vere
772 2718 923 2776 consulem
958 2719 1072 2778 dicere?

125 2811 244 2872 Deinde
261 2811 351 2870 multa
370 2812 407 2872 de
422 2813 499 2872 facto
516 2815 601 2872 aede
616 2833 645 2873 re
659 2825 758 2890 gesta3
781 2825 843 2873 tum
857 2815 926 2873 nihil
940 2817 1074 2892 magnifi-

126 2910 249 2981 centius,
270 2909 341 2967 nihil
362 2910 534 2987 praeclarius
559 2922 657 2970 actum
677 2930 826 2988 umquam,
848 2913 917 2970 nihil
939 2915 979 2972 rei
1000 2917 1074 2990 pub

127 3008 202 3068 licae
215 3007 372 3067 salutarius.
414 3010 511 3086 Atque
526 3009 598 3069 haec
612 3029 670 3068 una
684 3028 741 3068 vox
755 3012 885 3069 omnium
901 3022 954 3073 est.
997 3035 1024 3086 4.
1046 3016 1075 3074 A

128 3116 158 3167 te
186 3115 284 3171 autem
312 3115 389 3182 peta,
417 3117 449 3164 ut
476 3125 524 3165 me
547 3107 622 3167 hanc
650 3109 733 3185 quasi
760 3108 862 3167 salsam
887 3110 1075 3171 hereditatem

129 3203 242 3263 alienae
262 3203 370 3278 gloriae
393 3205 471 3262 sinas
494 3224 612 3264 cernere
637 3224 743 3281 meque
767 3206 863 3283 aliqua
887 3219 1024 3285 exparte
1046 3212 1076 3268 in

129 3300 301 3361 societatem
323 3311 436 3359 tuarum
459 3303 577 3361 laudum
598 3304 695 3362 venire
719 3305 836 3381 patiare.
880 3306 1075 3382 Quamquam,

130 3398 172 3457 mi
186 3397 452 3459 Dolabella—haec
472 3401 550 3460 enim
564 3403 675 3462 iocatus
690 3420 805 3479 sum-,
819 3403 953 3466 libentius
972 3424 1077 3469 omnes

578 3516 628 3569 02
