2498 3840
149 195 312 280 reseca]
364 209 476 260 uersu
499 209 549 258 aa
570 210 734 260 arricum
752 212 800 260 rx.
828 196 876 262 18.
1030 211 1091 282 159

148 375 194 415 me
213 357 274 416 mei
293 357 415 417 similem
432 377 496 418 esse
515 367 544 417 et
561 358 625 417 illos
644 360 695 418 sui.
739 364 765 418 3.
788 359 836 417 Tu
855 357 940 417 velim
960 356 1032 417 mihi
1052 356 1090 414 ad

149 457 251 512 urbem
266 465 382 530 praesto
397 457 445 523 siS,
460 468 492 514 ut
511 458 568 515 tuis
587 457 713 515 consiliis
733 469 820 533 atque
840 456 955 533 opibus,
969 465 1001 513 ut
1019 472 1091 513 con·

149 553 237 624 suevi,
252 552 284 610 in
304 554 441 611 omnibus
462 554 548 613 rebus
569 565 640 613 utar.
681 553 834 612 Dolabella
853 564 904 611 tuo
925 551 996 610 nihil
1017 553 1091 610 scito

148 649 218 706 mihi
243 668 309 708 esse
333 650 495 709 iucundius
538 650 625 709 Hanc
650 651 724 710 adeo
748 651 863 709 habebo
886 651 1008 726 gratiam
1031 648 1088 719 illi;

148 764 244 822 neque
259 747 338 804 enim
352 748 431 805 aliter
445 746 539 806 lacere
558 749 678 824 poterit:
699 756 780 805 tanta
798 747 860 806 eius
878 747 1052 817 humanitas,
1065 745 1090 804 is

149 863 261 917 sensus
277 864 313 904 ea
326 846 356 903 in
370 865 417 904 me
432 856 476 904 est
489 845 707 906 benevolentia!

367 997 414 1051 67.
457 992 514 1051 AD
535 992 730 1052 ATTICUM
751 992 804 1050 IX.
829 995 874 1051 18.

203 1105 273 1167 Sca„
287 1107 394 1166 Amnn
414 1107 713 1166 a.1>.1v.Kmuunrs
734 1107 861 1166 Armurs
881 1124 963 1166 aue.
982 1119 997 1180 7
1022 1119 1050 1180 5.

465 1230 568 1273 emano
589 1231 695 1272 arrico
716 1230 775 1271 sm.

192 1348 220 1388 1.
242 1327 414 1394 Urauuoun
439 1344 475 1384 ex
496 1338 548 1385 tuo
570 1327 708 1385 consilio:
733 1345 801 1385 nam
823 1335 851 1384 et
871 1325 964 1385 oratio
984 1324 1037 1384 suit
1056 1343 1092 1384 ea

149 1437 259 1496 nostra,
280 1436 312 1483 ut
334 1427 410 1483 bene
436 1424 533 1501 potius
557 1424 603 1482 ille
627 1424 664 1482 de
688 1424 774 1482 nobis
798 1425 982 1494 existimaret,
1003 1441 1091 1501 quam

149 1526 258 1600 gratias
282 1534 388 1599 ageret,
410 1533 438 1580 et
462 1523 492 1579 in
515 1540 551 1579 eo
575 1523 744 1592 mansimus,
765 1541 802 1580 ne
827 1523 864 1581 ad
888 1523 997 1580 urbem.
1039 1519 1093 1579 Illa

149 1622 322 1690 fefellerunt,
347 1618 461 1678 facilem
486 1619 566 1694 quod
591 1630 775 1695 putaramus:
804 1618 874 1676 nihil
901 1619 959 1677 vidi
986 1619 1091 1676 minus.

149 1720 294 1778 Damnari
308 1737 339 1777 se
354 1728 454 1776 nostro
474 1717 589 1787 iudicio,
604 1716 743 1775 tardiores
762 1716 824 1776 fore
843 1716 978 1792 reliquos,
994 1717 1018 1774 si
1036 1733 1092 1774 nos

150 1836 212 1875 non
240 1816 412 1884 venerimus,
441 1814 551 1884 dicere3
587 1831 652 1890 eg0,
681 1814 848 1872 dissimilem
881 1815 994 1872 illorum
1027 1832 1092 1872 esse

151 1932 278 1973 causam.
308 1912 385 1971 Cum
395 1912 501 1970 multa:
514 1913 593 1970 ‘veni
603 1913 689 1987 igitur
699 1922 726 1969 et
737 1931 792 1988 age
807 1911 843 1970 de
857 1910 948 1988 pace!
973 1910 1091 1981 Meone,

151 2015 281 2089 inquam,
296 2012 453 2069 arbitratu?
495 2011 561 2068 ‘An
581 2008 648 2068 tibi’
663 2011 756 2087 inquit
770 2021 844 2086 ‘ego
864 2009 1091 2086 praescribaml'

152 2110 209 2180 Sic,
222 2112 352 2186 inquam,
367 2128 462 2186 agam,
477 2110 589 2167 senatui
610 2127 672 2168 non
692 2109 807 2184 placere
827 2108 857 2165 in
879 2107 1038 2183 Hispanias
1059 2107 1092 2164 iri

151 2228 206 2267 nec
221 2209 365 2267 exercitus
379 2209 408 2265 in
424 2206 579 2267 Graeciam
593 2207 789 2283 transportari,
797 2206 954 2282 multaque,
963 2207 1092 2282 inquam,

151 2306 188 2364 de
204 2304 310 2365 Gnaeo
325 2303 492 2380 deplorabo.
528 2304 608 2362 Tum
622 2305 684 2363 ille:
700 2310 769 2379 ‘ego
783 2323 851 2363 vero
866 2306 920 2362 ista
934 2304 990 2363 dici
1004 2300 1092 2363 nolo.'

151 2404 197 2462 Ita
216 2403 365 2479 putabam,
383 2404 511 2478 inquam,
526 2403 577 2461 sed
596 2421 653 2478 ego
672 2420 709 2461 eo
729 2403 798 2460 nolo
818 2402 928 2473 adesse,
944 2402 1024 2479 quod
1044 2411 1094 2460 aut

152 2502 193 2558 sic
207 2500 280 2557 mihi
294 2499 450 2558 dicendum
465 2511 508 2558 est
522 2501 677 2576 multaque,
688 2519 762 2576 quae
777 2499 856 2558 nullo
870 2500 960 2559 modo
974 2518 1093 2576 possem

154 2599 245 2668 silere,
261 2599 285 2656 si
306 2598 448 2668 adessem,
468 2608 517 2655 aut
537 2616 598 2656 non
619 2599 801 2657 veniendum.
845 2598 966 2658 Summa
986 2599 1046 2671 fuit,
1061 2610 1093 2657 ut

153 2697 207 2766 ille,
230 2695 314 2771 quasi
336 2696 444 2753 exitum
465 2713 615 2770 quaerens,
632 2701 680 2755 ‘ut
701 2694 907 2755 deliberarem?
949 2695 1020 2754 Non
1040 2696 1094 2754 fuit

153 2794 331 2869 negandum.
372 2792 416 2850 Ita
435 2793 626 2851 discessimus
669 2792 766 2851 Credo
780 2793 864 2868 igitur
877 2793 956 2853 hunc
970 2813 1017 2852 me
1031 2813 1093 2853 non

153 2909 268 2962 amare;
291 2900 321 2948 at
334 2907 391 2965 ego
405 2909 452 2947 me
467 2892 569 2961 amavi,
585 2890 664 2966 quod
679 2889 748 2948 mihi
763 2892 822 2948 iam
836 2891 948 2966 pridem
962 2910 1017 2949 usu
1031 2911 1093 2950 non

152 2990 239 3046 venit.
284 3007 311 3046 a.
329 2987 488 3062 Reliqua,o
504 2987 550 3045 dil
572 2989 621 3064 qui
636 2988 807 3046 comitatus!
830 3006 914 3065 quae,
924 2998 956 3046 ut
970 3002 1000 3046 tu
1016 2990 1092 3049 soles

153 3088 257 3155 dicere,
274 3089 373 3142 νεκυίαἱ
394 3087 424 3143 in
439 3103 497 3161 qua
511 3096 570 3143 erat
585 3089 603 3152 †
617 3104 667 3144 ero
682 3086 799 3144 sceleri!
819 3104 838 3144 o
853 3104 914 3144 rem
933 3087 1092 3163 perditam!

153 3203 171 3242 o
187 3185 288 3260 copias
303 3184 485 3258 desperatasl
517 3181 605 3254 Quid,
620 3183 694 3258 quod
704 3183 793 3241 Servii
808 3183 890 3253 filius,
904 3184 977 3258 quod
992 3183 1093 3243 Titinii

152 3285 182 3341 in
197 3284 232 3340 iis
247 3282 347 3341 castris
368 3281 490 3350 suerunt,
506 3282 611 3357 quibus
631 3280 788 3357 Pompeius
817 3282 1092 3343 circumsederetur!

153 3401 204 3440 sex
218 3380 369 3456 legiones3
390 3379 512 3437 multum
528 3378 633 3454 vigilat,
648 3379 751 3438 audet:
773 3378 882 3436 nullum
901 3380 985 3439 video
1003 3380 1092 3440 finem
