2392 3848
124 184 186 250 182
394 197 434 247 rr.
459 196 583 247 rurrrr
603 195 793 246 crcrnours
941 180 1050 264 [narr.

121 365 169 405 res
182 357 246 406 aeta
262 348 304 407 sic
323 357 418 408 esset:
439 347 551 407 delatus
569 355 614 406 est
632 344 671 404 ad
683 364 732 403 me
750 342 926 416 fasciculus3
948 343 1052 411 solvisi

122 446 191 520 quid
208 445 309 504 adme
328 456 404 504 esset
422 446 594 504 litterarum:
617 443 688 502 nihil
706 451 784 514 erat3
809 441 935 519 epistola
948 441 1053 499 Vatinio

123 553 153 601 et
169 542 288 618 Ligurio
305 543 409 616 altem3
431 543 501 601 iussi
518 543 555 601 ad
572 559 624 600 eos
642 540 745 600 deferri
755 559 764 612 ;
787 539 826 597 illi
846 538 885 597 ad
903 557 953 597 me
972 539 1054 597 statim

121 639 256 698 ardentes
292 641 392 699 dolore
419 650 568 710 venerunt,
601 639 694 697 scelus
724 638 852 696 hominis
887 638 1055 704 clamantes3

122 738 259 813 epistolas
273 738 343 796 mihi
356 738 489 814 legerunt
506 737 608 813 plenas
627 737 759 795 omnium
779 736 810 793 in
830 753 881 794 me
896 736 1055 812 probomrn.

122 833 182 892 Hic
196 835 330 911 Ligurius
344 836 455 894 furere:
477 854 509 894 se
523 837 602 894 enim
621 835 693 893 scire
712 851 828 892 summo
846 833 929 891 illum
948 832 980 891 in
997 830 1058 889 odio

121 931 210 992 fuisse
225 933 363 1006 Caesari3
384 934 462 992 hunc
477 944 574 992 tamen
593 951 654 992 non
673 933 764 991 modo
778 931 891 1002 favisse,
906 929 961 990 sed
979 930 1058 987 etiam

121 1039 232 1089 tantam
255 1033 294 1089 illi
317 1033 473 1108 pecuniam
497 1031 612 1090 dedisse
634 1031 752 1089 honoris
774 1031 832 1088 mei
856 1046 952 1088 causa
996 1025 1061 1084 Hoc

122 1145 179 1204 ego
195 1130 296 1188 dolore
310 1139 431 1205 accepto
442 1129 518 1187 volui
533 1130 615 1198 scire,
627 1129 698 1205 quid
711 1129 873 1204 scripsisset
887 1126 926 1185 ad
940 1135 1060 1194 ceteros;

121 1225 177 1301 ipsi
196 1228 272 1285 enim
287 1228 326 1285 illi
340 1226 438 1302 putavi
454 1227 650 1302 perniciosum
670 1225 740 1296 sore,
756 1225 780 1283 si
799 1226 861 1283 eius
875 1223 933 1283 hoc
952 1233 1060 1282 tantum

122 1323 216 1382 scelus
240 1326 474 1398 percrebruisset.
515 1323 650 1400 Cognovi
672 1324 802 1382 eiusdem
827 1322 951 1398 generis,
977 1321 1015 1379 ad
1034 1329 1059 1378 te

120 1422 204 1493 misi3
226 1440 299 1498 quas
314 1424 338 1481 si
356 1423 471 1499 putabis
490 1422 529 1480 illi
542 1423 598 1498 ipsi
614 1423 682 1480 utile
697 1441 761 1481 esse
775 1423 864 1491 reddi,
879 1420 1003 1491 reddes;
1024 1418 1060 1476 nil

120 1536 169 1576 me
190 1519 293 1577 laedet.
334 1519 422 1592 Nam,
444 1520 525 1597 quod
546 1521 708 1595 resignatae
733 1528 807 1590 sunt,
829 1519 926 1589 habet,
948 1519 1059 1593 opinor,

122 1617 184 1674 eius
199 1618 315 1692 signum
328 1617 500 1694 Pomponia.
543 1617 610 1675 Hac
620 1618 666 1675 ille
681 1618 834 1675 acerbitate
849 1617 929 1674 initio
944 1615 1059 1689 naviga·

120 1714 207 1773 tionis
226 1734 294 1774 cum
312 1734 381 1774 usus
402 1726 485 1787 esset,
500 1726 581 1774 tanto
601 1734 650 1773 me
668 1715 768 1773 dolore
787 1714 900 1784 adfecit,
915 1723 948 1772 ut
962 1724 1060 1789 postea

121 1812 266 1884 iacuerim,
281 1831 376 1890 neque
390 1832 468 1872 nunc
486 1823 546 1872 tam
564 1831 618 1888 pro
638 1831 669 1871 se
688 1831 776 1888 quam
796 1821 898 1869 contra
918 1829 968 1870 me
982 1812 1060 1870 labo·

121 1927 184 1968 rare
199 1911 309 1969 dicitur.
353 1930 380 1985 3.
401 1910 446 1969 Ita
459 1911 595 1969 omnibus
608 1911 694 1968 rebus
709 1927 822 1985 urgeor,
834 1926 907 1984 quas
921 1909 1061 1966 sustinere

120 2008 168 2065 vix
190 2025 311 2083 possum
334 2009 380 2067 vel
402 2009 487 2084 plane
511 2007 591 2066 nullo
618 2008 708 2066 modo
733 2025 855 2082 possum
862 2025 871 2078 3
901 2007 1009 2083 quibus
1032 2005 1059 2063 in

120 2106 242 2164 miseriis
255 2125 314 2165 una
328 2116 371 2165 est
385 2125 439 2182 pro
457 2107 601 2176 omnibus
616 2106 697 2181 quod
716 2106 800 2164 istam
818 2105 955 2162 miseram
975 2105 1059 2181 patri·

119 2205 230 2274 monio,
244 2203 358 2263 fortuna
377 2206 458 2263 omni
477 2205 630 2280 spoliatam
649 2204 827 2278 relinquam:
849 2221 908 2279 qua
928 2220 960 2260 re
981 2212 1018 2275 te,
1032 2208 1061 2259 ut

119 2300 271 2379 polliceris,
285 2304 381 2361 videre
394 2303 480 2377 plane
494 2303 579 2360 velim
590 2321 600 2374 ,·
622 2303 710 2360 alium
724 2304 812 2373 enim,
826 2302 873 2360 cui
886 2301 966 2358 illam
981 2318 1058 2359 com·

118 2400 264 2469 mendam,
279 2399 373 2458 habeo
393 2401 548 2470 neminem,
563 2400 701 2476 quoniam
720 2400 804 2458 matri
822 2416 940 2474 quoque
957 2398 1058 2456 eadem

119 2496 244 2554 intellexi
266 2516 329 2556 esse
348 2508 457 2572 parata,
472 2516 547 2574 quae
567 2498 647 2555 mihi.
690 2497 757 2568 Sed,
777 2497 801 2556 si
819 2515 867 2554 me
887 2514 950 2554 non
967 2495 1058 2554 offen·

120 2596 181 2665 des,
196 2597 265 2654 satis
279 2607 377 2654 tamen
391 2597 497 2655 habeto
515 2597 749 2655 commendatam
764 2606 956 2673 patruumque
971 2596 1002 2653 in
1017 2614 1056 2664 ea,

118 2703 259 2770 quantum
280 2695 399 2769 poteris,
419 2695 560 2770 mitigato.
603 2694 687 2753 Haec
709 2695 746 2753 ad
767 2705 795 2753 te
817 2694 863 2752 die
882 2693 970 2750 natali
992 2710 1057 2752 meo

119 2792 229 2867 scripsi,
244 2807 303 2868 quo
320 2792 431 2850 utinam
450 2802 601 2869 susceptus
620 2810 681 2850 non
701 2810 797 2850 essem
816 2800 865 2850 aut
882 2791 1006 2866 nequid
1023 2809 1056 2849 er

119 2891 222 2948 eadem
246 2899 336 2948 matre
359 2899 464 2967 postea
487 2900 588 2949 natum
612 2892 703 2949 esset}
732 2890 815 2967 plura
839 2889 964 2948 scribere
990 2888 1056 2946 fletu

117 2988 281 3066 prohibeor.
