2392 3848
115 119 159 180 44
387 113 427 162 n.
453 113 573 162 rurrrr
594 114 782 163 cronaonrs
955 100 1023 186 [rm
1036 117 1057 166 1.

117 270 271 330 desiderari
292 271 399 346 putas?
422 269 493 328 nolo
514 288 753 342 commemorare,
768 272 874 347 quibus
893 273 982 330 rebus
1004 273 1067 354 sim·

116 369 264 445 spoliatus,
293 386 354 425 non
383 368 477 425 solum
505 369 573 444 quia
597 387 658 426 non
683 370 808 444 ignoras,
834 370 998 428 sedetiam
1022 386 1059 427 ne

116 466 279 524 rescindam
306 467 370 541 ipse
398 465 530 523 dolorem
557 484 673 525 meum:
704 467 761 525 hoc
785 467 937 537 confirmo,
962 484 1059 542 neque

116 564 203 622 tantis
226 564 312 621 bonis
337 581 400 621 esse
425 565 567 639 privatum
589 583 767 641 quemquam
791 583 886 640 neque
908 565 940 622 in
962 573 1060 623 tantas

115 662 245 719 miserias
273 661 417 719 incidisse.
469 661 541 718 Dies
566 672 664 719 autem
691 680 753 720 non
780 662 871 720 modo
899 679 961 720 non
986 661 1061 719 levat

115 758 224 816 luctum
237 757 324 828 hunc,
340 759 392 816 sed
406 758 493 815 etiam
514 769 618 834 auget3
646 777 715 816 nam
737 760 825 818 ceteri
846 759 962 817 dolores
983 759 1061 816 miti-

115 868 219 931 gantur
233 865 382 925 vetustate‚
396 855 443 913 hic
459 874 520 913 non
540 866 636 931 potest
657 874 718 914 non
739 866 768 914 et
789 874 878 914 sensu
898 855 1061 932 praesentis

115 955 247 1012 miseriae
261 965 290 1012 et
308 954 509 1012 recordatione
529 955 698 1030 praeteritae
712 955 785 1012 vitae
799 954 929 1030 quotidie
943 954 1061 1030 augeri:

116 1049 249 1108 desidero
276 1050 355 1107 enim
383 1066 445 1106 non
471 1066 539 1107 mea
565 1050 660 1108 solum
688 1068 783 1126 neque
810 1068 903 1121 meos,
928 1050 982 1108 sed
1013 1067 1062 1108 me

115 1148 220 1222 ipsum.
262 1145 343 1217 Quid
357 1147 436 1203 enim
450 1148 537 1204 sum?
579 1146 639 1205 Sed
659 1165 720 1204 non
739 1146 845 1205 faciam
863 1156 896 1205 ut
912 1155 962 1204 aut
978 1156 1062 1204 tuum

115 1244 245 1301 animum
273 1261 380 1317 angam
407 1244 532 1318 querelis
559 1252 609 1301 aut
635 1246 709 1302 meis
742 1245 909 1302 volneribus
944 1246 1062 1318 saepius

116 1358 220 1399 manus
234 1339 372 1398 adferam.
415 1339 494 1397 Nam
508 1341 589 1416 quod
608 1360 716 1417 purgas
737 1359 797 1411 eos,
812 1360 889 1418 quos
910 1359 968 1417 ego
990 1342 1062 1399 mihi

115 1439 218 1515 scripsi
232 1438 376 1508 invidisse,
387 1447 417 1495 et
429 1438 460 1494 in
474 1439 515 1496 eis
530 1437 683 1508 Catonem,
698 1456 755 1514 ego
769 1457 838 1497 vero
852 1449 966 1497 tantum
980 1439 1062 1497 illum

115 1542 187 1606 puto
202 1533 239 1589 ab
253 1532 309 1589 isto
324 1532 431 1590 scelere
446 1531 561 1601 afuisse,
575 1543 608 1590 ut
621 1534 748 1589 maxime
770 1533 886 1590 doleam
899 1533 967 1607 plus
982 1532 1062 1609 apud

116 1647 164 1688 me
192 1629 403 1687 simulationem
432 1629 554 1686 aliorum
581 1648 669 1705 quam
702 1630 783 1688 istius
811 1629 899 1688 fidem
927 1630 1060 1689 valuisse.

117 1726 236 1785 Ceteros
261 1727 342 1802 quod
365 1745 480 1802 purgas,
501 1727 607 1784 debent
629 1727 699 1783 mihi
723 1728 836 1802 purgati
860 1744 934 1798 esse,
957 1728 1012 1785 tibi
1038 1726 1062 1784 si

117 1835 190 1883 sunt
237 1843 263 1897 3.
287 1824 344 1882 Sed
365 1825 437 1882 haec
460 1841 525 1882 sero
550 1825 671 1898 agimus.
714 1823 812 1882 Crassi
831 1825 965 1884 libertum
990 1825 1061 1882 nihil

117 1932 188 1996 puto
217 1923 326 1979 sincere
356 1922 495 1979 locutum.
550 1921 586 1979 In
615 1931 718 1979 senatu
744 1940 806 1979 rem
834 1923 928 1998 probe
957 1923 1062 1982 scribis

117 2029 220 2076 actam.
263 2019 321 2076 Sed
335 2019 405 2094 quid
419 2016 529 2076 Curio?
556 2036 596 2075 an
610 2018 687 2075 illam
703 2020 865 2077 orationem
886 2037 948 2077 uon
970 2019 1062 2095 legit?

117 2134 191 2193 quae
208 2116 286 2173 unde
304 2116 339 2173 sit
360 2115 472 2191 prolata
491 2115 623 2172 nesci0.'
658 2115 716 2172 Sed
736 2117 836 2187 Axius,
851 2116 983 2174 eiusdem
1005 2118 1063 2175 diei

117 2213 245 2271 scribens
260 2212 296 2270 ad
310 2230 358 2269 me
373 2221 446 2280 acta,
461 2229 523 2268 non
537 2212 576 2268 ita
589 2210 686 2268 laudat
701 2210 867 2270 Curionem.
910 2213 950 2270 At
964 2224 1064 2289 potest

116 2310 162 2368 ille
186 2309 293 2384 aliquid
317 2309 559 2383 praetermittere3
588 2317 628 2376 tu,
652 2310 707 2365 uisi
731 2310 812 2384 quod
836 2318 905 2380 erat,
926 2310 1063 2386 profecto

116 2425 177 2465 non
204 2406 349 2481 scripsisti.
406 2404 547 2462 Varronis
582 2422 679 2462 sermo
713 2405 782 2463 facit
809 2408 1063 2482 exspectationem

117 2504 259 2572 Caesaris,
274 2513 360 2577 atque
378 2503 489 2559 utinam
510 2501 572 2575 ipse
585 2501 679 2559 Varro
700 2503 850 2560 incumbat
870 2506 900 2560 in
922 2508 1062 2564 causam!

116 2600 197 2678 quod
209 2598 341 2676 profecto
355 2617 422 2656 cum
437 2616 489 2655 sua
509 2609 623 2674 sponte,
637 2607 698 2656 turn
713 2608 741 2656 te
756 2600 879 2659 instante
893 2601 989 2661 faciet.
1034 2621 1062 2674 4.

117 2701 192 2777 Ego,
207 2700 232 2757 si
245 2716 292 2755 me
307 2696 463 2771 aliquando
477 2696 563 2752 vestri
582 2705 610 2753 et
624 2696 731 2770 patriae
753 2708 921 2772 compotem
943 2699 1064 2759 fortuna

118 2799 225 2868 fecerit,
236 2806 313 2855 certe
327 2793 450 2851 efficiam
464 2802 496 2849 ut
509 2792 635 2848 maxime
649 2791 754 2848 laetere
771 2810 847 2851 unus
868 2813 905 2853 ex
920 2799 1063 2856 omuibus

118 2896 228 2966 amicis,
262 2908 385 2965 meaque
419 2888 513 2946 officia
544 2897 573 2944 et
607 2887 709 2957 studia,
737 2906 812 2962 quae
840 2909 944 2965 pamm
973 2905 1064 2954 antea

118 2987 439 3052 luxerunt-fatendum
468 2993 512 3042 est
540 2983 667 3052 enim-,
696 2983 737 3040 sic
765 3002 915 3061 exsequar,
945 3001 977 3050 ut
1011 3011 1063 3051 me

118 3107 210 3165 aeque
224 3088 275 3146 tibi
289 3104 323 3144 ac
337 3083 414 3141 fratri
433 3090 461 3139 et
473 3080 570 3137 liberis
591 3079 696 3136 nostris
710 3081 871 3140 restitutum
892 3096 987 3161 putes.
1031 3089 1064 3148 Si

119 3186 189 3263 quid
203 3186 233 3242 in
246 3194 274 3242 te
294 3180 419 3259 peccavi,
441 3196 475 3235 ac
495 3176 591 3251 potius
612 3176 750 3248 quoniam
771 3180 898 3249 peccavi,
919 3183 1062 3259 ignosce;

119 3288 150 3344 in
163 3301 210 3341 me
224 3282 302 3340 enim
316 3280 411 3356 ipsum
425 3273 543 3354 peccavi
557 3271 762 3329 vehementius.
806 3272 910 3351 Neque
932 3279 1006 3341 haec
1024 3301 1062 3343 eo
