2498 3840
226 590 293 684 M.
323 588 569 683 TULLII
613 584 1007 682 CICERONIS

289 816 599 891 urrsroraa
637 815 941 890 suaseras.

521 1039 643 1106 PARS
672 986 714 1106 V.

350 1207 417 1262 105.
459 1202 518 1262 AD
539 1201 734 1262 ATTICUM
754 1202 838 1261 XIV.
863 1220 888 1263 1.

207 1314 272 1376 Sca.
293 1333 324 1374 nt
344 1334 512 1376 susuassuo
533 1315 629 1374 Maru
650 1335 677 1374 r.
692 1335 720 1375 n.
742 1335 792 1375 vrr.
813 1315 883 1375 Inus
903 1314 1032 1375 Arm

531 1432 614 1474 auc.
638 1428 706 1489 710.

462 1539 565 1581 CICERO
586 1540 693 1581 ATTICO
714 1538 776 1581 SAL·

191 1654 215 1694 1.
238 1635 375 1693 Davuarr
389 1634 427 1694 ad
440 1635 529 1704 illum,
544 1635 580 1693 de
599 1653 659 1711 quo
679 1644 776 1693 tecum
794 1652 890 1693 mane.
933 1632 1013 1693 Nihil
1027 1651 1088 1711 per·

148 1735 250 1793 ditius:
273 1735 427 1810 ‘explicari
447 1754 508 1793 rem
529 1754 591 1795 non
612 1753 717 1811 posse,
738 1737 846 1793 etenim
867 1736 891 1794 si
911 1734 958 1794 ille
978 1735 1028 1794 tali
1048 1735 1089 1793 in·

147 1834 235 1908 genio
255 1833 364 1890 exitum
381 1850 442 1890 non
456 1834 624 1908 reperiebat,
638 1833 703 1910 quis
724 1851 802 1891 nunc
820 1830 976 1909 reperietr’
1012 1832 1091 1905 Quid

148 1931 281 2007 quaeris?
304 1932 412 2006 perisse
426 1933 525 1989 omnia
539 1932 641 2003 aiebat,
656 1931 736 2008 quod
754 1930 832 1989 haud
852 1931 913 1990 scio
933 1948 972 1989 au
986 1931 1026 1989 ita
1040 1932 1091 2003 sit;

148 2047 246 2086 verum
260 2028 306 2086 ille
325 2029 465 2104 gaudens,
480 2028 670 2104 adfirmatque
689 2028 785 2086 miuus
803 2028 905 2086 diebus
924 2047 971 2086 xx.
987 2028 1093 2087 tumul·

148 2137 209 2184 tum
224 2125 377 2196 Gallicum,
392 2126 422 2183 iu
436 2143 600 2184 sermonem
615 2144 646 2184 se
661 2136 729 2202 post
743 2124 813 2183 Idus
832 2124 953 2184 Martias
967 2136 1093 2202 praeter·

149 2241 237 2299 quam
261 2222 374 2299 Lepido
399 2223 513 2282 venisse
537 2224 664 2295 nemini;
687 2223 725 2280 ad
747 2240 899 2294 summam,
921 2240 983 2281 uon
1004 2241 1095 2300 posse

148 2323 237 2380 istaec
252 2321 293 2379 sic
307 2322 395 2379 abire.
438 2319 466 2380 Ο
481 2320 640 2397 pudentem
655 2319 803 2396 Oppium!
825 2321 874 2396 qui
891 2319 982 2379 nihilo
995 2321 1095 2381 minus

148 2420 228 2477 ilium
243 2418 394 2487 desiderat,
404 2417 455 2477 sed
469 2419 595 2494 loquitur
606 2418 686 2490 nihil,
696 2418 776 2494 quod
790 2435 967 2494 quemquam
980 2418 1095 2479 bonum

148 2516 285 2574 offendat.
329 2516 387 2573 Sed
405 2515 477 2574 haec
496 2515 645 2573 hactenus
689 2534 715 2572 2.
738 2513 795 2584 Tu,
816 2532 936 2589 quaeso,
954 2515 1096 2592 quicquid

148 2613 347 2673 novi-multa
360 2623 458 2671 autem
472 2612 776 2688 exspecto-scribere
791 2629 828 2669 ne
842 2612 973 2687 pigrere;
996 2613 1027 2670 in
1040 2613 1095 2685 his,

148 2714 186 2770 de
201 2711 290 2770 Sexto
310 2711 416 2769 satisne
434 2719 551 2780 certum,
567 2710 693 2767 maxime
710 2718 807 2766 autem
826 2708 863 2766 dc
877 2708 968 2767 Bruto
982 2722 1095 2783 nostro,

149 2814 185 2871 de
207 2829 266 2887 quo
287 2811 405 2887 quidem
427 2811 481 2881 ille,
503 2809 541 2867 ad
561 2826 649 2886 quem
670 2807 785 2878 deverti,
799 2807 955 2867 Caesarem
976 2810 1096 2871 solitum

149 2915 253 2983 dicere,
275 2911 393 2987 ‘magui
414 2909 506 2981 refert,
528 2908 575 2966 hic
597 2907 667 2985 quid
695 2907 770 2978 velit,
792 2906 845 2966 sed
867 2909 1006 2984 quicquid
1026 2910 1096 2979 volt,

149 3009 231 3067 vaide
245 3007 330 3080 voit3’
352 3007 438 3083 idque
453 3024 521 3064 eum
535 3004 779 3075 animadvertisse,
793 3022 861 3062 cum
883 3022 937 3080 pro
952 3004 1096 3066 Deiotaro

151 3107 260 3166 Niceae
285 3106 409 3176 diceret;
436 3102 519 3161 valde
544 3101 729 3160 vehementer
749 3118 818 3158 eum
839 3102 932 3183 uisum
953 3111 982 3160 et
1005 3103 1096 3163 libere

152 3208 265 3277 dicere3
287 3215 373 3280 atque
388 3203 547 3261 etIam-ut
561 3201 639 3258 enim
649 3198 775 3276 quidque
787 3200 934 3270 succurrit,
944 3198 1014 3259 libet
1028 3203 1097 3261 scri·

151 3303 402 3380 bere-proxime,
417 3318 484 3359 cum
505 3297 590 3357 Sestii
608 3307 712 3373 rogatu
729 3296 808 3373 apud
827 3315 895 3356 eum
912 3295 1032 3357 fuissem
1046 3318 1098 3359 ex·
