2498 3840
150 192 212 259 272
420 186 460 239 ur.
485 188 606 238 rurrrr
626 190 814 241 crcuuoum
982 176 1052 269 [rm
1065 194 1094 241 v.

148 345 199 422 qui
214 346 291 403 enim
307 345 350 405 M.
365 345 526 406 Antonium
547 349 729 424 oppresserit,
744 349 769 408 is
789 350 898 408 bellum
918 350 1077 411 confecerit
1086 372 1095 424 ;

149 444 245 518 itaque
268 444 418 504 Homerus
439 463 500 503 non
515 446 637 504 Aiacem
657 464 713 505 nec
733 445 885 520 Achillem,
906 448 960 509 sed
978 447 1097 508 Ulixem

148 541 302 617 appellavit
315 545 506 617 πτολιπόρθιον.

332 704 397 758 143.
440 698 498 758 AD
519 700 772 762 autumnitas
793 701 845 761 xr.
870 721 917 778 23.

245 813 310 874 Son.
331 813 502 875 Eronsumu
521 835 582 876 vm.
605 817 683 878 Kar„
706 818 807 877 luruis
827 836 911 879 nuc.
934 832 949 895 7
976 837 1004 883 1.

384 940 412 981 u.
433 940 545 981 arturus
565 941 588 982 s.
611 943 639 983 n.
660 941 693 982 u.
713 942 856 984 crceuour.

192 1049 217 1091 1.
240 1032 311 1093 Nos'
326 1035 373 1093 hic
396 1036 525 1094 valemus
554 1046 632 1096 recte
659 1046 695 1107 et,
721 1055 781 1113 quo
808 1038 912 1098 melius
935 1038 1093 1109 valeamus,

147 1147 268 1205 operam
283 1132 425 1190 dabimus.
468 1132 597 1209 Lepidus
614 1135 771 1193 commode
789 1136 875 1193 nobis
894 1137 1001 1196 sentire
1013 1138 1093 1196 vide·

148 1238 202 1285 tur.
245 1227 335 1287 Omni
355 1230 458 1288 timore
478 1230 612 1306 deposito
633 1232 773 1290 debemus
794 1232 882 1290 libere
903 1232 1093 1309 reipublicae

148 1325 308 1385 consulere.
351 1325 439 1398 Quod
464 1329 488 1385 si
511 1329 609 1389 omnia
631 1340 728 1388 essent
752 1331 853 1401 aliena,
878 1339 977 1390 tamen
1001 1332 1091 1391 tribus

148 1424 234 1482 tantis
255 1425 433 1496 exercitibus,
455 1427 578 1501 propriis
600 1428 639 1484 rei
660 1427 801 1502 publicae,
820 1427 989 1499 valentibus,
1009 1447 1092 1505 mag-

147 1539 220 1579 num
234 1523 363 1579 animum
377 1523 483 1581 habere
499 1525 633 1594 debebas,
649 1543 737 1599 quem
754 1534 783 1584 et
797 1543 913 1600 semper
925 1524 1052 1585 habuisti
1064 1536 1092 1586 et

148 1638 227 1678 nunc
241 1620 355 1680 fortuna
370 1620 521 1678 adiuvante
536 1639 641 1696 augere
656 1631 749 1698 potes.
793 1642 819 1680 2.
836 1622 922 1695 Quae
936 1623 988 1681 tibi
1004 1642 1091 1700 supe-

148 1720 269 1778 rioribus
297 1719 395 1777 litteris
428 1737 494 1777 mea
527 1738 617 1778 manu
644 1721 754 1797 scripsi,
782 1721 908 1779 terrendi
935 1723 977 1781 tui
1004 1741 1092 1783 causa

149 1818 282 1876 homines
296 1817 467 1893 loquuntur:
488 1817 513 1876 si
531 1816 645 1875 frenum
664 1818 864 1889 momorderis,
880 1837 1008 1894 peream,
1022 1821 1048 1879 si
1062 1830 1092 1880 te

150 1931 261 1984 omnes,
276 1923 348 1989 quot
369 1923 444 1984 sunt,
459 1923 615 1972 conantem
636 1914 716 1990 loqui
735 1914 808 1973 ferre
829 1925 974 1991 poterunt.
1015 1916 1090 1995 Ego,

149 2011 200 2068 tibi
220 2021 252 2068 ut
272 2021 358 2070 antea
378 2013 487 2088 scripsi,
510 2012 580 2069 dum
603 2012 673 2069 mihi
698 2023 764 2071 ate
785 2012 894 2071 litterae
915 2014 1041 2087 veniant,
1061 2016 1092 2073 in

150 2108 232 2166 Italia
246 2110 390 2168 morabor.
432 2128 492 2168 vm.
507 2109 545 2167 K.
560 2109 659 2168 Iunias
673 2109 827 2186 Eporedia.

334 2271 400 2324 144.
442 2265 500 2324 Au
519 2264 773 2324 nummarius
795 2265 832 2324 x.
855 2280 900 2341 35.

150 2378 238 2436 Dara
258 2395 311 2437 usu
331 2399 351 2438 A
371 2378 472 2439 Pouau
492 2379 655 2439 meuuruo
675 2397 717 2438 111.
733 2379 810 2438 Kar.
831 2380 893 2439 qu.
915 2399 999 2442 auc.
1023 2399 1090 2458 7¹¹·

204 2503 235 2543 Μ.
256 2502 377 2543 LEPIDUS
397 2503 455 2545 Illil’.
476 2503 554 2544 ITER·
574 2504 717 2545 PONTIFEX
738 2504 806 2543 ltux.
829 2504 851 2544 S.
873 2504 900 2545 D.
921 2505 1046 2549 surram

405 2599 515 2642 POPULO
536 2601 678 2650 PLEBIQUE
699 2601 846 2642 ROMANAE.

192 2695 221 2755 S.
235 2713 262 2754 v.
278 2695 415 2772 liberique
433 2698 518 2755 vestri
532 2716 557 2754 v.
572 2698 600 2755 b.
615 2715 640 2755 e.
655 2716 680 2754 e.
694 2715 723 2773 q.
738 2715 765 2756 v.
806 2696 887 2755 Deos
901 2696 1092 2777 hominesque

149 2805 247 2864 testor,
262 2803 358 2869 patres
373 2794 537 2871 conscripti,
551 2812 610 2870 qua
623 2803 720 2852 mente
740 2803 769 2852 et
782 2812 842 2870 quo
860 2796 958 2855 animo
977 2815 1093 2876 semper

149 2893 182 2949 in
196 2910 258 2950 rem
271 2893 418 2967 publicam
431 2892 534 2951 fuerim
547 2901 577 2950 et
590 2909 678 2968 quam
693 2891 763 2949 nihil
780 2893 924 2968 antiquius
942 2898 1092 2955 communi

150 2990 241 3049 salute
256 3008 290 3049 ac
304 2991 433 3048 libertate
448 2989 596 3049 iudicarim
604 3008 613 3061 ;
635 2989 715 3065 quod
726 2991 807 3048 vohis
820 2990 898 3048 brevi
912 2993 1092 3066 probassem,

150 3089 206 3146 nisi
233 3087 304 3145 mihi
324 3087 439 3146 fortuna
464 3088 612 3163 proprium
637 3087 790 3146 consilium
815 3088 999 3149 extorsisset:
1023 3108 1093 3149 uam

151 3185 293 3245 exercitus
311 3196 432 3243 cunctus
449 3184 689 3243 consuetudinem
703 3202 786 3243 suam
800 3184 829 3242 in
848 3185 956 3243 civibus
976 3203 1093 3246 conser-

149 3284 252 3341 vandis
280 3284 486 3358 communique
512 3302 592 3358 pace,
619 3283 760 3342 seditione
788 3282 871 3353 facta,
896 3283 1012 3342 retinuit
1033 3302 1094 3344 me·

150 3398 207 3456 que
226 3392 321 3439 tantae
342 3381 531 3440 multitudinis
552 3380 658 3441 civium
678 3379 882 3439 Romanorum
896 3379 995 3440 salutis
1008 3392 1094 3460 atque
