2498 3840
156 199 352 282 Ep.119,120.]
377 211 489 261 aaran
511 212 561 260 ao
582 212 807 262 FAMILIARES
827 215 875 263 rr.
897 217 929 282 4.
1035 218 1100 286 ⁹43

154 387 225 445 spes
239 378 284 428 est
298 369 327 426 in
346 387 403 428 eo:
424 369 494 427 nihil
514 369 662 444 estquod
682 387 745 428 non
766 371 944 428 existimetur
962 369 1054 429 laudis
1071 381 1100 429 et

154 468 265 542 gloriae
280 486 369 527 causa
383 467 518 526 facturus.
552 468 699 527 Antonius
715 479 819 538 autern,
832 479 931 527 noster
945 468 1099 540 familiaris,

154 575 237 624 tanto
260 584 291 624 se
312 567 382 624 odio
404 583 468 624 esse
489 565 636 641 intellegit,
657 577 698 639 ut,
719 585 787 625 cum
812 568 1008 627 interfectores
1031 586 1100 628 suos

154 664 237 722 domi
252 663 502 739 conprehenderit,
516 682 578 721 rem
593 663 722 740 proferre
736 683 797 722 non
812 666 925 724 audeat.
967 665 1002 725 A.
1013 669 1099 727 d.v11.

154 757 199 815 ld.
226 757 293 817 Oct.
317 757 504 815 Brundisium
529 768 591 815 erat
617 757 765 833 profectus
793 760 909 817 obviam
936 759 1101 836 legionibus

155 854 356 913 Macedonicis
371 864 514 929 quattuor,
528 873 601 930 quas
616 856 670 912 sibi
684 856 839 913 conciliare
852 858 977 932 pecunia
991 861 1100 934 cogita·

154 954 205 1011 bat
226 970 335 1028 easque
355 953 392 1009 ad
417 953 518 1010 urbem
543 952 686 1010 adducere
711 961 739 1010 et
761 953 791 1008 in
816 954 973 1012 cervicibus
994 958 1101 1015 nostris

151 1051 315 1109 conlocare.
358 1069 384 1123 3.
407 1049 509 1107 Habes
531 1049 654 1107 sormam
675 1049 716 1107 rei
738 1050 879 1124 publicae,
901 1052 925 1108 si
946 1052 976 1109 in
998 1055 1099 1113 castris

153 1158 251 1225 potest
265 1166 330 1205 esse
344 1166 390 1205 res
406 1147 539 1223 publica;
560 1148 590 1203 in
605 1164 664 1222 quo
684 1157 764 1203 tuam
784 1148 876 1205 vicem
896 1167 984 1225 saepe
1003 1151 1099 1222 doleo,

152 1247 235 1322 quod
257 1245 367 1302 nullam
395 1254 505 1320 partem
533 1263 586 1320 per
613 1253 737 1302 aetatem
763 1263 853 1302 sanae
879 1255 909 1304 et
937 1248 1031 1306 salvae
1059 1251 1100 1309 rei

151 1344 287 1421 publicae
301 1353 415 1419 gustare
430 1342 557 1418 potuisti.
599 1343 697 1418 Atque
711 1342 833 1400 antehac
848 1344 966 1418 quidem
984 1365 1099 1424 sperare

152 1443 257 1501 saltem
271 1441 392 1511 licebat;
413 1458 492 1499 nunc
507 1441 593 1498 etiarn
607 1439 638 1497 id
651 1450 782 1518 ereptum
797 1448 857 1499 est':
873 1461 948 1516 quae
963 1446 1041 1503 enirn
1055 1432 1099 1505 est

152 1560 230 1617 spes,
246 1558 312 1598 curn
332 1540 361 1596 in
381 1540 517 1597 contione
535 1537 630 1596 dicere
649 1556 736 1596 ausus
756 1539 792 1596 sit
813 1541 959 1600 Antonius
981 1541 1099 1601 Cannu-

151 1640 226 1697 tium
241 1637 320 1713 apud
335 1655 386 1694 eos
401 1636 499 1694 locum
518 1636 572 1694 sibi
588 1654 732 1711 quaerere,
748 1638 854 1711 quibus
871 1656 902 1695 se
920 1638 998 1697 salvo
1017 1639 1099 1700 locus

151 1738 183 1795 in
209 1737 322 1794 civitate
350 1753 415 1793 esse
443 1752 503 1791 non
530 1734 648 1808 posset?
691 1753 717 1806 4.
739 1733 886 1810 Equidem
914 1749 943 1794 et
970 1735 1042 1796 haec
1070 1749 1099 1797 et

152 1835 262 1904 omnia,
277 1851 352 1909 quae
373 1831 484 1890 homini
505 1832 637 1889 accidere
657 1844 789 1907 possunt,
806 1833 847 1890 sic
869 1832 938 1904 fero,
953 1845 984 1892 ut
1006 1836 1098 1912 philo-

152 1933 275 2008 sophiae
290 1949 429 2007 magnam
443 1929 566 1988 habeam
579 1928 711 2004 gratiam,
727 1947 802 2006 quae
816 1947 864 1988 me
879 1949 940 1989 non
954 1933 1045 1992 modo
1060 1935 1098 1992 ab

153 2031 346 2090 sollicitudine
374 2029 499 2094 abducit,
525 2025 577 2086 sed
601 2028 687 2085 etiam
712 2036 813 2086 contra
837 2045 941 2087 omnes
966 2029 1098 2091 fortunae

152 2131 281 2205 impetus
296 2136 396 2196 armat,
411 2125 519 2200 tibique
534 2124 612 2183 idem
626 2143 733 2199 censeo
748 2125 913 2183 faciendum
927 2145 991 2199 nec,
1006 2147 1024 2186 a
1037 2148 1097 2206 quo

152 2228 238 2303 culpa
256 2223 338 2294 absit,
353 2225 509 2300 quicquam
529 2224 559 2280 in
581 2223 665 2282 malis
683 2223 904 2283 numerandum.
947 2224 1005 2283 Sed
1025 2226 1097 2286 haec

151 2335 182 2383 tu
198 2324 309 2381 melius.
352 2321 519 2380 Tratorium
538 2331 670 2379 nostrum
691 2339 759 2379 cum
780 2340 896 2397 semper
916 2325 1097 2400 probassem,

150 2435 213 2480 turn
228 2421 354 2479 maxime
369 2421 398 2477 in
412 2420 468 2478 tuis
482 2421 568 2477 rebus
582 2438 727 2477 summam
741 2421 802 2478 eius
817 2420 905 2478 fidem
919 2421 1097 2498 diligentiam

150 2519 392 2596 prudentiamque
421 2517 553 2593 cognovi.
595 2516 644 2574 Da
674 2535 803 2594 operam,
831 2526 864 2575 ut
890 2518 1003 2593 valeas;
1039 2519 1097 2581 hoc

150 2618 220 2676 mihi
235 2618 344 2693 gratius
358 2616 452 2673 facere
466 2615 535 2672 nihil
548 2624 641 2691 potes,

345 2777 409 2832 120.
451 2771 508 2830 ΑΙ)
530 2771 780 2831 FAMILIARES
801 2771 854 2832 XI.
876 2790 905 2846 4.

177 2887 246 2950 Sca.
260 2907 292 2948 m
312 2887 430 2946 Genua
451 2906 608 2947 marmorea
628 2907 764 2947 uxuuurr
785 2908 879 2949 nausa
901 2888 1060 2949 Novariam

542 3003 625 3044 auc.
642 2999 709 3059 710.

280 3110 308 3151 1).
325 3110 436 3150 BRUTUS
450 3109 508 3150 IMP-
523 3109 581 3150 COS·
597 3110 686 3150 DESIG.
702 3111 724 3150 S.
739 3110 767 3150 D.
782 3111 813 3151 ti.
828 3111 969 3152 eleutrum.

195 3226 219 3267 1.
247 3206 278 3264 Si
300 3206 335 3264 de
357 3218 405 3263 tua
426 3208 456 3263 in
477 3224 524 3263 me
545 3205 691 3264 voluntate
712 3206 879 3278 dubitarem,
902 3208 997 3267 multis
1022 3226 1040 3268 a
1064 3218 1094 3270 te

148 3307 245 3364 verbis
264 3314 402 3380 peterem,
416 3313 447 3360 ut
465 3304 633 3378 dignitatem
652 3322 748 3362 meam
762 3314 880 3376 tuerere,
896 3306 947 3364 sed
961 3307 1091 3382 profecto

149 3415 195 3463 est
209 3405 257 3474 ita,
274 3413 304 3460 ut
317 3401 387 3459 mihi
406 3402 543 3478 persuasi,
560 3419 607 3459 me
627 3402 678 3459 tibi
697 3419 761 3462 esse
781 3420 875 3463 curae.
917 3403 1090 3482 Progressus

595 3516 646 3558 aa
