2392 3848
116 169 179 235 260
318 217 322 228 .
394 181 434 233 u.
459 180 579 231 aunan
600 178 790 231 cronnouro
948 168 1014 251 [ran
1028 178 1056 229 r.

115 334 265 411 explorate
286 332 411 391 iudicare
430 331 582 392 volumus:
603 331 733 408 legiones
751 330 849 390 habeo
863 329 995 407 quinque
1008 329 1057 386 sub

116 433 206 508 signis
221 440 250 489 et
272 449 325 488 sua
343 430 400 488 fide
420 431 580 506 virtuteque
601 431 642 489 rei
661 430 793 506 publicae
807 427 1057 487 coniunctissimas

116 539 145 587 et
166 538 265 586 nostra
285 527 452 586 liberalitate
473 528 559 586 nobis
579 527 783 601 obsequentes,
796 524 980 602 provinciam
999 540 1058 581 om·

116 623 197 681 nium
219 624 374 683 civitatium
395 642 542 684 consensu
562 624 776 701 paratissimam
799 632 829 680 et
853 639 973 680 summa
992 638 1058 679 con⁴

116 723 244 780 tentione
273 722 311 780 ad
339 721 434 781 officia
462 732 629 794 certantem,
659 721 802 797 equitatus
830 720 1058 795 auxiliorumque

116 829 211 879 tantas
225 822 335 896 copias,
350 829 475 895 quantas
492 819 547 879 hae
566 828 668 894 gentes
686 819 725 877 ad
742 817 961 877 defendendam
982 835 1059 876 suam

116 916 238 976 salutem
268 917 487 993 libertatemque
508 917 650 975 conficere
678 926 819 993 possunt;
851 916 916 992 ipse
938 917 979 975 ita
999 933 1058 975 sum

117 1015 217 1079 animo
238 1025 363 1091 paratus
385 1021 417 1072 ut
434 1016 479 1072 vel
501 1015 680 1091 provinciam
701 1015 773 1072 tueri
793 1013 838 1072 vel
863 1015 915 1086 ire,
937 1031 998 1090 quo
1017 1030 1060 1073 res

117 1111 233 1188 publica
253 1122 346 1183 vocet,
361 1112 406 1169 vel
427 1113 538 1171 tradere
560 1113 725 1183 exercitum,
744 1113 851 1171 auxilia
869 1112 1060 1188 provinciam·

118 1226 176 1284 que
203 1209 247 1266 vel
275 1227 394 1266 omnem
419 1210 560 1285 impetum
584 1209 651 1267 belli
678 1209 709 1267 in
737 1228 785 1268 me
809 1219 982 1269 convertere
1003 1227 1059 1269 non

118 1327 259 1378 recusem,
274 1309 298 1366 si
314 1307 405 1366 modo
424 1326 492 1366 meo
515 1326 585 1366 casu
603 1318 653 1366 aut
671 1308 843 1368 confirmare
861 1309 974 1384 patriae
990 1309 1060 1369 salu·

118 1418 179 1463 tem
197 1416 245 1463 aut
264 1406 423 1482 periculum
443 1407 555 1481 possim
575 1406 690 1464 morari.
734 1418 759 1480 7.
782 1406 867 1465 Haec
889 1407 914 1466 si
935 1408 996 1466 iam
1014 1425 1060 1466 ex·

119 1501 223 1577 peditis
245 1505 381 1562 omnibus
401 1505 487 1562 rebus
509 1502 721 1579 tranquilloque
742 1513 819 1562 statu
838 1504 962 1563 civitatis
983 1504 1061 1581 polli-

120 1617 196 1666 ceor,
212 1600 242 1657 in
256 1600 364 1658 damno
379 1619 462 1659 meae
478 1600 572 1660 laudis
591 1600 633 1658 tei
652 1601 784 1675 publicae
803 1602 966 1661 commodo
980 1602 1061 1661 laeta·

121 1697 190 1768 bor;
216 1697 262 1755 sin
286 1697 324 1755 ad
352 1698 520 1755 societatem
544 1697 794 1773 integerrimorum
818 1708 848 1757 et
870 1701 1062 1758 maximorum

120 1794 314 1871 periculorum
339 1795 485 1867 accedam,
507 1795 628 1855 consilia
648 1814 715 1854 mea
735 1797 836 1873 aequis
862 1796 1009 1857 iudicibus
1028 1797 1062 1856 ab

122 1893 330 1951 obtrectatione
358 1891 522 1952 invidorum
551 1893 734 1952 defendenda
760 1895 951 1954 commendo.
993 1895 1063 1954 Mihi

120 1989 241 2064 quidem
262 1991 318 2066 ipsi
343 1990 452 2049 fructus
475 1992 645 2050 meritorum
665 2009 799 2051 meorum
819 1992 850 2049 in
870 1994 913 2051 rei
934 1994 1063 2070 publicae

122 2088 318 2149 incolumitate
347 2089 414 2147 satis
443 2106 566 2165 magnus
594 2099 639 2148 est
665 2100 803 2167 paratus3
838 2109 892 2150 eos
916 2109 997 2164 vero,
1019 2092 1064 2170 qui

72 2219 74 2225 π
120 2202 219 2243 meam
237 2187 436 2244 auctoritatem
456 2196 485 2244 et
507 2187 598 2244 multo
618 2187 712 2262 magis
730 2197 856 2246 vestram
870 2188 962 2248 fidem
979 2191 1065 2249 secuti

123 2299 178 2340 nec
198 2281 256 2339 ulla
277 2300 328 2357 spe
349 2283 442 2359 decipi
462 2301 518 2343 nec
538 2284 598 2343 ullo
619 2294 699 2343 metu
719 2285 818 2344 terreri
846 2296 1016 2361 potuerunt,
1037 2296 1065 2344 ut

123 2379 345 2439 commendatos
360 2381 442 2438 vobis
456 2381 594 2451 habeatis
610 2382 770 2457 petendum
783 2383 907 2443 videtur.

317 2538 381 2594 133.
423 2535 480 2594 AD
501 2536 752 2597 FAMILIARES
774 2538 813 2598 X.
837 2559 884 2600 10.

240 2650 305 2711 Sca.
328 2650 437 2709 Roman
457 2669 497 2712 111.
520 2650 598 2711 Knn.
619 2652 747 2713 Amnns
768 2673 853 2716 amc.
876 2670 947 2733 711.

473 2774 576 2817 ctcnao
597 2777 717 2819 nnmco.

168 2887 194 2927 1.
215 2866 287 2924 Erst
311 2866 379 2924 satis
403 2883 441 2924 ex
465 2865 574 2925 Furnio
596 2877 697 2926 nostro
719 2888 893 2945 cognoram,
918 2893 998 2950 quae
1024 2886 1070 2934 tua

121 2964 267 3037 uoluntas,
283 2963 363 3038 quod
383 2964 537 3022 consilium
558 2963 595 3022 de
611 2983 643 3023 re
662 2966 777 3040 publica
793 2979 879 3040 esset,
894 2980 997 3031 tamen
1018 2975 1070 3032 tuis

125 3056 224 3115 litteris
243 3057 326 3114 lectis
344 3055 480 3131 liquidius
494 3056 531 3114 de
549 3065 611 3115 toto
629 3075 717 3115 sensu
731 3068 781 3118 tuo
795 3061 931 3123 iudicavi.
974 3065 1071 3139 Quam

125 3155 165 3213 ob
192 3172 262 3223 rem,
288 3172 464 3230 quamquam
487 3154 518 3210 in
540 3171 600 3212 uno
624 3156 735 3230 proelio
763 3160 860 3218 omnis
888 3160 1008 3223 fortuna
1034 3165 1071 3223 rei

126 3251 258 3327 publicae
280 3249 541 3327 disceptat-quod
559 3249 684 3325 quidem,
700 3271 768 3310 curn
785 3254 859 3315 haec
877 3257 1004 3334 legeres,
1018 3262 1072 3320 iam

122 3344 273 3429 decretum
288 3343 445 3402 arbitrabar
458 3342 569 3409 fore-,
584 3350 682 3400 tamen
701 3344 764 3404 iosa
777 3345 865 3420 fama,
881 3368 959 3427 quae
975 3353 1013 3415 de
1027 3363 1073 3413 tua
