2392 3848
134 636 203 730 M.
242 636 487 733 TULLII
536 637 926 733 CICERONIS

208 863 520 938 srrsrouas
561 865 861 939 senseras.

436 1065 557 1130 PARS
587 1067 631 1133 ΙΙ.

291 1238 339 1293 20.
380 1235 439 1292 ΑΙ)
459 1232 654 1293 ATTICUM
676 1233 731 1295 IV.
754 1251 780 1295 1.

127 1354 194 1418 Seu
215 1355 324 1415 Rom
344 1375 436 1416 usuro
455 1376 549 1416 ususs
571 1358 738 1416 Susannam
758 1374 841 1416 nrt-c.
862 1357 929 1430 697.

380 1489 483 1531 crcruo
504 1490 610 1532 Armco
630 1491 691 1531 san.

105 1614 132 1653 1.
155 1592 228 1654 Cuu
246 1594 371 1669 primum
391 1593 519 1652 Romam
538 1595 611 1666 veni,
626 1594 735 1669 fuitque
755 1595 800 1653 cui
819 1604 896 1652 recte
915 1593 952 1650 ad
977 1603 1004 1650 te

56 1694 168 1753 litteras
181 1691 290 1763 darem,
305 1693 374 1750 nihil
389 1693 468 1768 prius
484 1692 648 1751 facIendum
661 1693 732 1752 mihi
746 1693 851 1769 putavi,
867 1709 953 1768 quam
974 1702 1005 1748 ut

57 1791 113 1849 tibi
128 1789 241 1849 absenti
256 1789 293 1849 de
302 1789 395 1853 reditu
410 1798 510 1848 nostro
520 1790 693 1865 gratularer;
713 1808 873 1865 cognoram
885 1789 1004 1846 enim—

59 1899 95 1947 ut
107 1904 175 1946 vere
189 1886 382 1945 scribam-te
396 1887 426 1943 in
441 1886 568 1945 consiliis
583 1887 652 1944 mihi
667 1887 769 1946 dandis
784 1904 837 1944 nec
858 1886 1006 1945 fortiorem

58 2003 118 2047 nec
140 1983 358 2061 prudentiorem
381 2002 469 2060 quam
492 2002 539 2041 me
567 1984 671 2060 ipsum,
694 2003 741 2042 me
769 1986 857 2043 etiam
884 1994 1004 2059 propter

57 2100 160 2145 meam
173 2081 203 2139 in
217 2090 246 2139 te
259 2082 471 2140 observantiam
485 2082 607 2139 nimium
621 2083 651 2139 in
666 2083 797 2142 custodia
811 2082 910 2140 salutis
921 2099 1004 2139 meae

58 2182 240 2259 diligentem,
259 2177 444 2253 eundemque
464 2189 500 2248 te,
516 2179 565 2255 qui
584 2180 684 2254 primis
703 2180 883 2256 temporibus
902 2178 1006 2236 erroris

58 2278 154 2339 nostri
173 2284 223 2335 aut
240 2276 337 2351 potius
357 2274 463 2334 furoris
480 2277 623 2353 particeps
645 2288 673 2335 et
694 2276 757 2338 falsi
779 2278 889 2335 timoris
911 2276 1006 2334 socius

27 2434 33 2445 ,
58 2376 174 2446 tulisses,
183 2373 367 2432 acerbissime
378 2372 530 2431 discidium
542 2384 674 2432 nostrum
685 2376 783 2433 tulisse
793 2375 1006 2451 plurimumque

59 2490 181 2553 operae,
192 2469 287 2541 studii,
297 2470 470 2545 diligentiae,
481 2471 587 2529 laboris
602 2473 639 2529 ad
654 2471 869 2530 conficiendum
883 2471 1006 2529 reditum

57 2586 162 2632 meum
176 2567 351 2626 contulisse:
368 2586 395 2625 2.
409 2568 504 2642 itaque
518 2568 575 2626 hoe
590 2570 639 2626 tibi
655 2589 719 2628 vere
735 2570 865 2639 adfirmo,
881 2569 910 2625 in
925 2586 1006 2625 max-

58 2668 121 2727 ims
140 2664 246 2723 laetitia
265 2672 294 2721 et
312 2664 530 2739 exoptatissima
543 2666 734 2739 gratulatione
749 2684 838 2722 unum
854 2665 891 2722 ad
906 2683 1007 2722 cumu-

59 2764 184 2825 landum
202 2760 341 2838 gaudium
356 2771 547 2837 conspectum
562 2773 610 2819 aut
626 2764 722 2838 potius
736 2763 921 2837 complexum
936 2761 1006 2818 mihi

59 2872 146 2923 tuum
165 2857 290 2917 defuisse
301 2878 309 2930 ;
331 2876 419 2934 quem
439 2859 528 2917 semel
548 2870 649 2919 nactus
670 2861 691 2919 si
707 2878 846 2936 umquam
861 2859 1005 2928 dimisero,

60 2976 97 3021 tte
114 2956 173 3017 nisi
193 2956 280 3014 etiam
301 2956 521 3033 praetermissos
542 2956 650 3016 fructus
669 2968 736 3016 tuae
758 2957 903 3016 suavitatis
924 2975 1006 3032 prae·

60 3054 139 3117 teriti
159 3054 298 3131 temporis
321 3071 424 3111 omnes
446 3072 580 3129 exegero,
599 3055 729 3131 proiecto
751 3055 806 3112 hac
827 3055 1006 3113 restitutione

60 3152 197 3215 munnae
222 3168 270 3209 me
295 3152 357 3227 ipse
382 3170 442 3209 non
467 3153 536 3209 satis
559 3152 680 3227 dignum
704 3152 847 3210 iudicabo.
893 3171 918 3226 3.
942 3151 1006 3210 Nos

61 3250 160 3313 adhuc
179 3248 211 3309 in
230 3258 330 3308 nostro
350 3257 434 3318 statu,
451 3250 532 3325 quod
552 3250 714 3307 difficillime
736 3249 898 3324 recuperari
919 3267 1006 3324 posse

60 3346 190 3411 arbitrati
205 3364 315 3420 sumus,
331 3347 514 3424 splendorem
529 3357 660 3406 nostrum
676 3347 753 3404 illum
769 3346 914 3406 sorensem
930 3358 958 3404 et
976 3347 1006 3404 in
