2392 3848
120 182 283 269 swan]
317 193 430 244 sarar.
453 192 503 242 au
523 191 748 242 FAMILIARES
772 193 817 244 rr.
840 176 873 242 6.
1003 193 1065 263 195

118 362 210 405 unum
234 344 377 405 solacium
403 343 434 402 in
459 342 554 402 malis.
596 341 655 402 Sed
679 353 786 414 tamen,
812 341 951 420 quoniam
975 340 1065 418 effugi

116 443 181 503 eius
200 441 405 510 offensionem,
423 441 473 517 qui
492 440 613 499 fortasse
635 442 817 499 arbitraretur
837 458 885 498 me
906 439 982 499 hanc
1003 457 1066 497 rem

115 540 266 619 publicam
291 556 353 598 non
373 548 483 615 putare,
505 537 530 596 si
550 547 691 613 perpetuo
711 547 846 608 tacerem,
867 535 983 594 modice
1008 535 1065 594 hoc

115 636 224 699 faciam
245 646 295 696 aut
318 637 406 695 etiam
430 636 504 694 intra
525 635 655 707 modum,
677 643 709 692 ut
729 645 758 693 et
780 634 854 692 illius
876 633 1016 691 voluntati
1037 640 1066 690 et

115 737 193 797 meis
206 735 308 795 studiis
325 735 456 794 serviam.
497 733 576 791 Nam
591 735 645 793 etsi
659 752 677 792 a
689 733 784 808 prima
798 742 891 791 aetate
905 749 953 789 me
968 731 1065 790 omnis

115 852 166 895 ars
178 843 208 893 et
224 833 358 892 doctrina
375 830 500 890 liberalis
514 842 543 890 et
559 831 685 888 maxime
704 830 889 906 philosophia
906 829 1065 899 delectavit,

115 942 218 993 tamen
237 930 295 989 hoc
315 930 442 988 studium
461 928 589 1005 quotidie
608 928 786 1002 ingravescit,
807 927 896 986 credo
916 936 945 984 et
964 927 1065 984 aetatis

114 1028 283 1089 maturitate
297 1028 335 1086 ad
349 1027 533 1103 prudentiam
549 1035 577 1084 et
595 1025 640 1083 his
661 1036 826 1100 temporum
840 1024 921 1092 vitiis,
935 1033 968 1082 ut
986 1024 1066 1083 nulla

114 1146 165 1189 res
185 1128 241 1189 alia
260 1127 354 1185 levare
374 1125 503 1183 animum
522 1123 662 1182 molestiis
680 1123 790 1200 possit;
814 1137 841 1196 5.
862 1140 953 1198 aquo
969 1123 1065 1181 studio

115 1238 148 1287 te
169 1224 277 1285 abduci
298 1223 422 1298 negotiis
446 1220 583 1296 intellego
612 1239 648 1279 ex
677 1220 732 1278 tuis
760 1220 867 1292 litteris,
890 1220 943 1279 sed
966 1230 1065 1279 tamen

114 1322 229 1401 aliqtrid
248 1322 307 1380 iam
327 1329 429 1379 noctes
449 1329 478 1377 te
498 1319 683 1377 adiuvabunt.
727 1318 841 1377 Servius
862 1328 928 1377 tuus
945 1319 989 1377 vel
1009 1337 1064 1394 po·

115 1421 177 1481 tius
193 1429 294 1479 noster
313 1434 427 1476 summa
443 1434 491 1474 me
510 1416 694 1474 observantia
712 1416 795 1489 colit;
817 1416 898 1475 cuius
920 1435 977 1492 ego
997 1435 1065 1474 cum

115 1518 202 1577 omni
222 1516 366 1594 probitate
387 1532 559 1589 summaque
580 1515 689 1584 virtute,
711 1524 773 1572 tum
794 1514 894 1574 studiis
920 1514 1064 1572 doctrina-

116 1632 178 1695 que
202 1613 338 1673 delector.
379 1610 410 1670 Is
434 1629 552 1670 mecum
579 1630 667 1687 saepe
695 1611 732 1669 de
756 1622 807 1670 tua
834 1612 987 1671 mansione
1015 1622 1065 1671 aut

115 1712 290 1773 decessione
315 1709 528 1768 communicat:
562 1709 657 1768 adhuc
681 1710 712 1767 in
736 1711 791 1768 hac
819 1728 884 1767 sum
913 1710 1063 1780 sententia,

114 1810 190 1871 nihil
207 1818 240 1868 ut
257 1808 397 1867 faciamus
417 1807 472 1865 nisi
497 1807 577 1884 quod
597 1808 724 1865 maxime
745 1806 853 1865 Caesar
874 1806 945 1865 velle
965 1807 1064 1865 videa·

114 1916 171 1968 tur.
215 1906 277 1967 Res
296 1914 363 1965 sunt
382 1905 443 1963 eius
461 1905 551 1974 modi,
565 1913 605 1974 ut,
621 1905 646 1961 si
665 1903 779 1964 Romae
798 1905 846 1974 sis,
864 1904 933 1962 nihil
952 1914 1066 1980 praeter

115 2016 186 2067 tuos
204 2004 347 2065 delectare
366 2004 467 2080 possit
510 2002 557 2062 De
576 2001 700 2078 reliquis,
713 2003 785 2060 nihil
804 2002 907 2061 melius
925 2004 991 2079 ipso
1010 2012 1063 2073 est,

115 2103 207 2163 ceteri
228 2112 257 2161 et
277 2112 373 2161 cetera
393 2101 455 2159 eius
475 2100 565 2172 modi,
583 2109 623 2170 ut,
643 2100 668 2159 si
689 2100 808 2159 alterum
830 2109 925 2158 utrum
942 2118 1064 2160 necesse

114 2203 164 2273 sit,
189 2199 288 2259 audire
312 2217 347 2258 ea
370 2199 454 2256 malis
478 2216 566 2275 quam
592 2198 696 2256 videre.
738 2197 808 2255 Hoc
831 2207 963 2255 nostrum
991 2216 1063 2258 con-

114 2300 214 2359 silium
239 2298 324 2357 nobis
347 2298 466 2354 minime
489 2295 648 2355 iucundum
669 2305 722 2367 est,
743 2296 793 2372 qui
816 2305 845 2354 te
865 2295 962 2356 videre
983 2297 1065 2374 cupi-

112 2415 193 2470 mus,
207 2395 260 2456 sed
275 2394 454 2454 consulimus
468 2394 528 2454 tibi.
569 2393 652 2454 Vale.

318 2553 366 2610 91.
408 2548 467 2606 AD
487 2545 738 2606 FAMILIARES
760 2547 811 2607 VI.
834 2547 863 2609 6.

397 2663 462 2723 Son.
485 2662 593 2722 Rormn
614 2680 695 2722 nuc.
720 2666 786 2736 708.

367 2787 398 2830 n.
420 2787 522 2828 crcrro
544 2786 804 2829 sanciremus.

160 2906 188 2949 1.
208 2886 335 2947 Vnnnon
354 2902 393 2944 ne
414 2883 560 2942 desideres
574 2882 701 2940 officium
722 2901 829 2954 meum,
844 2884 924 2960 quod
938 2881 989 2942 tibi
1006 2901 1061 2960 pro

114 2995 219 3047 nostra
231 2994 260 3043 et
278 2983 446 3042 meritorum
464 2981 621 3039 multorum
636 2991 664 3039 et
684 2981 843 3039 studiorum
862 2982 975 3056 parium
990 3000 1061 3040 con-

115 3084 266 3145 iunctione
290 3081 392 3140 deesse
416 3097 476 3136 non
498 3077 592 3149 debet,
614 3078 666 3137 sed
688 3090 786 3138 tamen
808 3097 907 3137 vereor
929 3098 966 3137 ne
989 3079 1062 3139 litte·

117 3198 215 3243 rarum
237 3199 255 3239 a
277 3197 325 3236 me
345 3178 472 3236 officium
493 3177 629 3252 requiras
649 3194 721 3252 quas
744 3177 795 3234 tibi
817 3186 846 3235 et
868 3177 925 3235 iam
948 3178 1062 3253 pridem

120 3290 148 3339 et
164 3296 252 3354 saepe
274 3276 427 3345 misissem,
449 3276 503 3332 nisi
526 3275 654 3350 quotidie
680 3275 781 3332 melius
804 3285 976 3350 exspectans
997 3295 1062 3352 gra·

120 3376 290 3437 tulationem
318 3391 406 3450 quam
435 3371 685 3431 confirmationem
714 3373 802 3430 animi
835 3372 875 3432 tui
906 3373 1061 3452 complecti

545 3475 564 3516 o
581 3475 596 3514 2
