2392 3848
125 219 168 284 up.
187 205 242 292 ra]
341 218 453 269 aaran.
477 204 846 270 ADATT10UM11.'16.
1025 215 1064 286 27

124 377 262 454 cogitanti
283 387 380 437 autem
396 377 469 438 haec
491 377 548 437 iere
569 379 791 438 succurrebant:
813 377 938 453 primum
960 395 997 435 ex
1018 394 1063 444 e0,

123 477 203 553 quod
220 478 414 553 superioribus
431 477 529 535 litteris
552 479 715 553 scripseras,
733 496 770 535 ex
789 476 920 533 familiari
940 484 968 533 te
990 474 1064 532 illius

123 575 237 633 audisse
265 574 408 650 prolatum
440 574 473 632 iri
506 575 622 651 aliquid,
656 574 736 650 quod
764 592 852 632 nemo
880 574 1063 648 improbaret,

122 674 217 731 maius
236 671 343 748 aliquid
362 673 514 730 timueram
525 692 532 744 ;
555 672 612 730 hoc
630 672 701 729 milri
721 672 782 730 eius
803 671 884 729 modi
905 688 966 727 non
986 669 1064 726 vide-

123 771 214 827 batur.
256 768 379 836 Deinde,
405 781 437 828 ut
455 789 503 827 me
524 779 640 845 egomet
662 769 803 838 consoler,
825 768 921 826 omnis
943 785 1064 842 exspec-

122 867 192 926 tatio
219 867 379 943 largitionis
407 868 534 943 agrariae
558 869 589 924 in
613 886 716 942 agrum
745 867 931 942 Campanum
955 866 1065 923 videtur

123 982 187 1022 esse
201 964 334 1035 derivata,
354 967 403 1040 qui
418 982 495 1041 ager,
514 976 546 1023 ut
564 965 641 1023 dena
660 967 760 1040 iugera
778 966 843 1032 sint,
862 982 923 1021 non
941 963 1064 1038 amplius

122 1061 276 1120 hominum
295 1063 423 1139 quinque
440 1062 518 1119 milia
539 1072 635 1138 potest
658 1063 817 1120 sustinere:
838 1062 947 1136 reliqua
968 1062 1063 1118 omnis

123 1159 275 1233 multitudo
296 1161 334 1218 ab
355 1160 409 1218 illis
430 1160 605 1218 abalienetur
626 1178 745 1217 necesse
765 1169 817 1217 est.
860 1159 1018 1228 Praeterea,
1041 1157 1064 1214 si

122 1256 179 1313 ulla
196 1275 242 1314 res
262 1267 313 1327 est,
333 1275 407 1333 quae
424 1258 569 1315 bonorum
587 1258 708 1324 animos,
724 1275 797 1334 quos
817 1256 874 1314 iam
896 1256 981 1313 video
1000 1273 1064 1313 esse

123 1365 296 1426 commotos,
314 1354 511 1413 vehementius
532 1355 625 1431 possit
644 1354 808 1424 incendere,
822 1354 895 1411 haec
915 1363 992 1411 certe
1011 1364 1063 1423 est,

123 1463 151 1511 et
165 1472 201 1511 eo
217 1454 318 1528 magis,
333 1453 413 1530 quod
427 1455 560 1529 portoriis
575 1454 673 1512 ltaliae
687 1455 812 1524 sublatis,
828 1471 899 1529 agro
909 1452 1063 1528 Campano

123 1551 223 1621 divis0,
244 1551 323 1628 quod
339 1551 459 1628 vectigal
478 1563 607 1627 superest
625 1552 816 1610 domesticum
839 1560 951 1627 praeter
968 1552 1064 1610 vicen-

123 1650 249 1706 simam?
284 1668 359 1725 quae
391 1650 461 1707 mihi
495 1650 606 1707 videtur
633 1669 691 1709 una
726 1650 910 1708 contiuncula
937 1651 1063 1707 clamore

123 1748 348 1823 pedisequomm
367 1758 533 1805 nostrorum
552 1765 616 1806 esse
638 1749 770 1824 peritura.
815 1762 840 1805 2.
861 1747 980 1805 Gnaeus
1001 1748 1063 1823 qui·

124 1847 192 1905 dem
213 1856 312 1904 noster
332 1846 390 1902 iam
412 1845 497 1920 plane
519 1846 589 1920 quid
610 1845 716 1920 cogitet
738 1845 854 1904 nescio:

318 1959 383 2021 φυσᾷ
398 1954 446 2019 γὰρ
462 1957 489 2005 οὔ
506 1955 638 2019 σμικροῖσιν
653 1956 775 2004 αὐλίσκοις
791 1954 835 2014 ἔτι,

318 2038 375 2088 ἀλλ’
391 2038 481 2103 ἀγρίαις
496 2038 603 2102 odonam,
619 2038 731 2102 popfleiaa
746 2037 809 2102 dup-

124 2142 174 2217 qui
198 2140 317 2217 quidem
344 2141 431 2198 etiam
458 2141 532 2199 istuc
560 2141 665 2199 adduci
692 2141 824 2216 potuerit.
867 2135 946 2197 Nam
970 2138 1063 2200 adhuc

124 2239 197 2297 haec
215 2241 360 2310 ἐσοφίζετο,
382 2256 413 2296 se
433 2236 513 2313 leges
527 2237 659 2296 Caesaris
677 2239 810 2313 probare,
826 2239 954 2296 actiones
969 2239 1063 2314 ipsum

124 2347 270 2413 praestare
285 2337 410 2407 debere;
433 2336 574 2411 agrariam
595 2335 689 2411 legem
709 2336 761 2393 sibi
776 2336 923 2411 placuisse,
940 2339 1064 2411 potuerit

124 2433 263 2492 intercedi
284 2452 385 2504 necne,
403 2432 472 2490 nihil
493 2432 531 2490 ad
551 2451 582 2491 se
603 2434 761 2508 pertinere3
785 2434 822 2491 de
843 2452 911 2508 rege
938 2433 1064 2491 Alexan-

125 2533 208 2590 drino
231 2531 373 2607 placuisse
393 2531 448 2587 sibi
469 2529 623 2604 aliquando
645 2530 766 2601 confici3
789 2530 908 2590 Bibulus
928 2533 965 2589 de
982 2533 1063 2588 caelo

124 2640 186 2687 turn
214 2639 353 2687 servasset
380 2646 482 2698 necne,
506 2628 560 2686 sibi
585 2628 782 2702 quaerendum
804 2647 865 2686 non
893 2628 999 2700 fuisse;
1028 2629 1064 2687 de

125 2726 294 2802 publicanis
319 2726 442 2783 voluisse
462 2745 490 2782 se
510 2725 548 2783 illi
569 2725 663 2783 ordini
689 2726 876 2784 commodare
888 2744 896 2798 ;
927 2725 998 2803 quid
1021 2725 1065 2785 iu·

124 2836 221 2882 turum
249 2824 340 2895 luerit,
370 2825 393 2882 si
414 2823 534 2880 Bibulus
556 2833 616 2879 turn
638 2823 667 2878 in
688 2821 782 2879 forum
805 2823 1010 2893 descendisset,
1033 2842 1064 2882 se

125 2922 251 2980 divinare
273 2940 333 2979 non
354 2922 502 2997 potuisse:
524 2938 602 2977 nunc
626 2937 704 2989 vem,
729 2919 966 2995 Sampsicerame,
995 2921 1065 2995 quid

125 3020 224 3078 dices?
244 3020 365 3094 vectigal
384 3031 412 3078 te
431 3019 516 3076 nobis
531 3018 560 3075 in
575 3027 674 3075 monte
692 3017 858 3076 Antilibano
872 3018 1063 3088 constituisse,

124 3119 186 3192 agri
216 3116 356 3192 Campani
381 3115 551 3174 abstulisse?
580 3116 658 3190 quid,
680 3116 736 3173 hoc
760 3134 847 3190 quem
876 3115 913 3173 ad
941 3115 1064 3175 modum

124 3215 290 3273 obtinebis?
341 3213 524 3289 ‘Oppressos
559 3212 626 3271 vos'
656 3214 748 3288 inquit
778 3214 902 3270 ‘tenebo
935 3213 1063 3272 exercitu

124 3310 275 3373 Caesaris!
326 3309 396 3368 Non
428 3310 590 3368 mehercule
623 3328 670 3368 me
699 3321 730 3367 tu
766 3311 883 3386 quidem
915 3319 975 3368 tam
1008 3312 1063 3371 isto

123 3413 252 3473 exercitu
279 3429 367 3488 quam
395 3409 513 3486 ingratis
544 3410 648 3467 animis
681 3427 782 3468 eorum
817 3409 978 3482 hominum,
1014 3411 1063 3488 qui
