2392 3848
199 191 242 256 92
470 184 509 235 nr.
536 185 655 234 rnnrrr
676 187 866 236 cressonis
1032 172 1137 259 [nasu

200 339 270 396 dixit
291 347 319 395 te
340 336 488 413 scripsisse
510 335 547 396 ad
569 356 608 409 se,
626 338 696 396 mihi
717 357 754 398 ex
774 339 847 398 illius
867 336 970 397 litteris
987 356 1053 397 rem
1071 338 1139 397 illam

200 453 284 493 curae
305 434 401 505 fuisse,
423 435 502 510 quod
523 436 549 494 ei
570 447 735 512 pergratum
756 447 825 496 erat.
868 434 928 494 Sed
949 454 1019 494 cum
1041 436 1140 496 Patron
1184 454 1186 485 :

199 550 314 590 mecum
324 533 436 607 egisset,
443 542 474 590 ut
485 543 612 609 peterem
624 544 743 593 avestro
753 533 911 609 Ariopago,
917 534 1141 605 ὑπομνηματισμὸν

198 629 338 700 tollerent,
350 648 439 706 quem
458 631 649 708 Polycharmo
662 641 795 708 praetore
809 629 945 700 fecerant,
960 630 1142 689 commodius

199 725 291 783 visum
305 736 349 784 est
364 736 392 784 et
407 727 523 786 Xenoni
537 739 566 786 et
579 739 646 805 post
661 729 715 804 ipsi
726 728 853 798 Patroni,
862 745 909 785 me
920 727 960 784 ad
971 725 1142 784 Memmium

200 824 330 893 scribere,
353 825 402 900 qui
426 825 526 901 pridie,
548 843 636 901 quam
661 845 718 902 ego
740 826 870 884 Athenas
891 824 967 894 veni,
989 822 1142 900 Mytilenas

199 922 348 998 proiectus
362 932 430 988 erat,
445 932 476 980 ut
491 923 515 982 is
530 924 566 981 ad
582 943 650 983 suos
665 926 801 984 scriberet
815 938 902 1000 posse
921 921 951 980 id
971 940 1026 980 sua
1045 920 1142 979 volun·

199 1028 257 1076 tate
276 1019 352 1091 fieri,
375 1037 435 1076 non
455 1020 533 1078 enim
553 1021 700 1081 dubitabat
720 1023 806 1080 Xeno
825 1022 896 1098 quin
915 1021 953 1078 ab
968 1019 1142 1096 Ariopagitis

198 1117 288 1174 invito
307 1115 449 1174 Memmio
467 1118 612 1193 impetrari
634 1137 694 1177 non
715 1130 823 1197 posset.
867 1118 1027 1177 Memmius
1049 1126 1142 1174 autem

200 1212 371 1271 aedificandi
395 1213 547 1271 consilium
569 1215 720 1286 abiecerat,
744 1216 795 1274 sed
816 1225 876 1275 erat
897 1215 1018 1273 Patroni
1040 1215 1141 1272 iratus:

199 1310 296 1385 itaque
310 1310 409 1384 scripsi
425 1310 461 1368 ad
477 1329 544 1367 eum
559 1322 699 1384 accurate,
716 1314 796 1371 cuius
815 1313 953 1389 epistolae
973 1311 1041 1370 misi
1061 1311 1099 1370 ad
1115 1321 1141 1369 te

200 1407 374 1481 exemplum.
418 1419 444 1480 7.
466 1406 515 1464 Tu
536 1408 621 1465 velim
642 1409 744 1468 Piliam
765 1411 838 1468 meis
858 1411 952 1468 verbis
975 1408 1140 1480 consolere;

199 1505 336 1563 indicabo
351 1505 427 1562 enim
442 1505 510 1577 tibi3
532 1515 562 1563 tu
577 1506 614 1562 illi
629 1506 698 1567 nihil
712 1508 833 1566 dixeris:
850 1508 950 1584 accepi
964 1506 1139 1577 fasciculum,

199 1604 229 1660 in
254 1620 313 1677 quo
338 1614 398 1660 erat
423 1602 544 1677 epistola
567 1603 672 1667 Piliae:
702 1604 813 1676 abstuli,
835 1605 942 1682 aperui,
963 1605 1038 1680 legi;
1060 1604 1140 1663 valde

200 1701 304 1776 scripta
314 1712 358 1759 est
369 1703 515 1771 συμπαθῶς.
544 1700 699 1760 Brundisio
712 1721 786 1778 quae
797 1703 847 1760 tibi
859 1702 1001 1778 epistolae
1013 1701 1138 1761 redditae

200 1809 266 1857 sunt
285 1801 347 1857 sine
365 1818 439 1871 mea,
453 1809 515 1857 tum
529 1799 661 1857 videlicet
675 1799 758 1857 datae
774 1809 847 1870 sunt,
864 1817 931 1858 cum
946 1817 1004 1874 ego
1018 1817 1067 1856 me
1082 1817 1139 1856 non

199 1896 272 1954 belle
283 1896 435 1968 haberem;
451 1896 552 1965 nam†
567 1897 644 1953 illam
659 1899 794 1971 νομανδρία
808 1915 855 1954 me
870 1896 1091 1955 excusationem
1104 1914 1138 1953 ne

200 1994 354 2068 acceperis.
397 1993 474 2052 Cura
487 2004 519 2052 ut
533 1994 631 2053 omnia
645 1995 745 2065 sciam,
760 1994 812 2053 sed
826 1995 953 2052 maxime
966 2005 998 2053 ut
1012 1993 1117 2052 valeas

422 2153 470 2206 32.
511 2147 569 2208 AD
590 2147 785 2206 ATTICUM
806 2146 844 2205 V.
869 2149 914 2206 16.
959 2197 960 2200 ,

216 2261 281 2322 Son.
302 2280 333 2320 m
353 2279 472 2324 mutnnn
492 2281 512 2320 n
533 2260 670 2326 Sunnnnn
691 2279 730 2320 nu
751 2261 962 2320 Pmnonrnnruu
982 2277 1012 2320 n.
1032 2277 1062 2320 u.
1083 2277 1123 2320 nu

462 2358 532 2422 Inus
554 2358 695 2423 Snxnuns
716 2376 799 2418 nuc.
823 2370 890 2432 703.

516 2483 618 2526 CICERO
640 2482 746 2529 ATTICO
766 2482 828 2522 SAL.

245 2601 268 2639 1.
291 2580 363 2639 Ersr
379 2579 487 2656 inipso
502 2580 602 2640 itinere
617 2587 645 2639 et
659 2579 704 2635 via
719 2577 906 2635 discedebant
920 2575 1141 2651 publicanomm

201 2680 337 2738 tabellarii
365 2688 393 2737 et
421 2697 534 2736 eramus
558 2679 705 2747 incursu,
730 2686 828 2733 tamen
853 2675 1065 2750 surripiendum
1094 2677 1142 2735 ali·

201 2779 272 2855 quid
302 2777 398 2853 putavi
433 2778 526 2853 spatii,
557 2794 595 2832 ne
623 2793 670 2832 me
701 2774 904 2831 immemorem
938 2773 1067 2831 mandati
1102 2775 1141 2832 tui

201 2887 317 2954 putares
328 2895 336 2947 3
368 2876 465 2949 itaque
492 2873 609 2931 subsedi
636 2872 667 2929 in
694 2872 759 2946 ipsa
785 2871 839 2940 via,
863 2870 933 2928 dum
961 2869 1043 2940 haec,
1067 2889 1141 2946 quae

200 2975 361 3049 longiorem
383 2971 546 3028 desiderant
567 2969 735 3035 orationem,
757 2968 923 3024 summatim
947 2967 998 3025 tibi
1022 2970 1141 3043 perscri-

200 3072 308 3128 berem.
353 3089 379 3128 a.
403 3068 533 3126 Maxima
553 3065 769 3141 exspectatione
790 3064 821 3120 in
842 3064 985 3139 perditam
1007 3074 1036 3122 et
1058 3064 1142 3140 plane

201 3185 331 3226 eversam
359 3167 390 3223 in
422 3173 594 3240 perpetuum
627 3162 805 3237 provinciam
838 3179 893 3218 nos
924 3161 1037 3220 venisse
1070 3163 1142 3220 scito

200 3265 293 3342 pridie
324 3263 390 3322 Kal.
420 3262 549 3332 Sextiles,
577 3270 706 3317 moratos
737 3259 862 3316 triduum
893 3258 1066 3328 Laodiceae,
1096 3260 1143 3316 tri·

200 3363 291 3421 duum
325 3363 483 3437 Apameae,
517 3358 636 3417 totidem
674 3357 736 3415 dies
773 3356 916 3433 Synnade.
972 3356 1143 3415 Audivimus
