2498 3840
158 213 207 276 sp.
223 197 293 284 113]
356 209 470 260 nrrsr.
495 209 544 258 Ar>
564 209 787 260 alirumnas
805 211 852 260 rr.
878 209 927 278 27.
1041 206 1104 279 '23³¹

149 369 230 419 ante
244 359 352 419 bellum'
367 360 457 433 civile,
469 379 536 418 cum
551 360 658 420 Caesar
671 370 748 420 esset
761 360 792 418 in
803 359 913 418 Gallia:
935 356 1015 435 quod
1029 357 1108 415 enim

147 458 347 516 vehementer
379 458 450 515 mihi
477 459 545 516 utile
580 477 645 517 esse
671 460 794 536 putabas
829 477 884 516 nec
918 455 1018 514 inutile
1053 453 1108 530 ipsi

146 556 291 627 Caesari,
306 555 460 632 perfecisti,
475 567 506 614 ut
524 557 569 614 ille
590 576 639 615 me
657 557 796 632 diligeret,
812 557 927 626 coleret,
941 554 1059 612 haberet
1077 553 1107 608 in

150 654 231 712 suis.
275 653 370 712 Multa
394 663 552 729 praetereo,
573 672 649 729 quae
671 655 851 731 temporibus
874 653 929 711 illis
953 653 1028 709 inter
1051 666 1108 707 nos

153 751 385 810 familiarissime
408 751 491 822 dicta,
507 753 619 828 scripta,
635 740 849 810 comr‘nunicata
871 760 955 821 sunt;
977 747 1109 823 graviora

160 848 245 906 enirn
265 855 424 907 consecuta
446 859 521 908 sunt.
564 869 590 924 3.
612 850 720 907 Etenim
741 850 822 907 initio
842 849 909 907 belli
930 848 1018 907 civilis
1040 864 1107 904 cum

163 943 353 1004 Brundisium
373 964 473 1004 versus
496 948 552 1005 ires
575 948 613 1005 ad
637 947 803 1017 Caesarem,
820 946 922 1003 venisti
947 944 985 1002 ad
1007 962 1054 1001 me
1077 945 1108 1000 in
1167 1019 1171 1024 ³

170 1041 363 1102 Formianum.
405 1043 535 1101 Primum
549 1043 606 1102 hoc
621 1045 717 1119 ipsum
732 1044 840 1121 quanti,
852 1043 1020 1119 praesertim
1035 1051 1108 1098 tem-

175 1140 286 1216 poribus
313 1141 386 1199 illis!
427 1140 543 1200 Deinde
568 1142 690 1199 oblitum
714 1161 763 1200 me
790 1150 875 1217 putas
903 1139 1024 1207 consilii,
1049 1156 1108 1196 ser·

182 1239 271 1309 nonis,
286 1238 472 1297 humanitatis
492 1242 577 1298 tuae?
599 1241 704 1316 quibus
723 1241 810 1298 rebus
829 1240 968 1297 interesse
989 1236 1110 1295 memini

183 1334 345 1395 Trebatium.
388 1336 453 1395 Nec
478 1356 545 1396 vero
575 1356 640 1396 sum
667 1338 772 1396 oblitus
799 1337 956 1395 litteramm
984 1346 1108 1405 tuarum,

185 1451 241 1509 quas
254 1435 292 1492 ad
305 1453 353 1493 me
367 1435 477 1506 misisti,
494 1454 562 1493 cum
576 1434 693 1494 Caesari
708 1436 824 1494 obviam
837 1435 968 1492 venisses
984 1433 1015 1490 in
1028 1448 1109 1508 agro,

186 1542 209 1590 ut
230 1534 356 1603 arbitror,
381 1532 559 1592 Trebulano.
602 1552 628 1606 4.
652 1533 789 1592 Secutum
817 1534 886 1592 illud
913 1542 1028 1609 tempus
1056 1541 1109 1601 est,

185 1648 237 1688 cum
249 1650 297 1690 me
316 1632 354 1690 ad
369 1631 542 1707 Pompeium
562 1633 705 1708 proficisci
723 1633 783 1690 sive
799 1633 893 1708 pudor
912 1650 995 1690 meus
1015 1632 1110 1706 coe'git

184 1729 229 1786 sive
242 1729 368 1786 officium
383 1730 441 1786 sive
455 1728 589 1787 fortuna:
610 1729 691 1805 quod
704 1730 831 1788 officium
849 1741 940 1801 tuum,
954 1729 1036 1805 quod
1050 1738 1109 1786 stu·

183 1826 249 1884 dium
262 1827 307 1884 vel
322 1828 352 1884 in
373 1829 524 1886 absentem
545 1845 592 1885 me
607 1828 650 1884 vel
667 1829 698 1884 in
712 1837 878 1903 praesentes
898 1845 981 1885 meos
1000 1826 1110 1885 defuit?

181 1942 256 2000 quem
270 1942 359 2000 porro
373 1943 477 1983 omnes
494 1926 551 1983 mei
566 1935 594 1982 et
613 1925 684 1982 mihi
698 1936 725 1983 et
740 1925 792 1983 sibi
807 1935 835 1983 te
854 1925 1022 1983 amiciorem
1036 1924 1109 1982 iudi-

179 2024 323 2080 caverunt?
365 2021 443 2079 Veni
463 2021 665 2080 Brundisium:
687 2023 847 2081 oblitumne
870 2040 917 2081 me
938 2032 1033 2099 putas,
1052 2040 1110 2098 qua

177 2120 322 2190 celeritate,
337 2128 369 2177 ut
382 2120 508 2194 primum
527 2120 659 2190 audieris
676 2121 714 2178 ad
733 2139 780 2178 me
795 2119 926 2178 Tarento
949 2121 1110 2178 advolaris?

175 2235 243 2293 quae
269 2227 318 2275 tua
343 2216 427 2274 fuerit
451 2216 589 2285 adsessio,
611 2217 711 2288 oratio,
734 2217 914 2275 confirmatio
941 2218 1030 2276 animi
1053 2218 1111 2276 mei

174 2315 249 2374 fracti
276 2315 479 2372 communium
505 2315 684 2372 miseriarum
709 2317 809 2373 metu?
852 2330 879 2389 5.
901 2315 1038 2374 Tandem
1062 2315 1111 2373 ali·

172 2414 287 2490 quando
302 2413 418 2470 Romae
431 2430 496 2470 esse
511 2414 678 2489 coepimus:
700 2413 770 2488 quid
789 2413 878 2471 defuit
897 2423 1014 2472 nostrae
1029 2414 1111 2471 fami·

171 2511 302 2571 liaritati?
344 2509 380 2566 In
400 2509 534 2567 maximis
549 2511 634 2568 rebus
657 2528 786 2586 quonam
807 2510 897 2570 modo
911 2529 1042 2587 gererem
1063 2528 1112 2569 me

171 2609 305 2668 adversus
331 2607 486 2666 Caesarem
514 2625 583 2664 usus
611 2617 662 2665 tuo
690 2608 811 2666 consilio
839 2627 913 2678 sum,
938 2609 969 2666 in
996 2608 1112 2686 reliquis

170 2707 281 2765 officio:
303 2705 350 2764 cui
372 2715 404 2763 tu
427 2704 549 2763 tribuisti
572 2715 695 2780 excepto
719 2705 844 2764 Caesare
866 2715 980 2782 praeter
1001 2724 1059 2776 me,
1079 2716 1113 2766 ut

169 2804 290 2862 domum
303 2803 458 2860 ventitares
472 2801 617 2878 horasque
636 2803 740 2861 multas
760 2822 847 2879 saepe
865 2805 1034 2862 suavissimo
1052 2822 1112 2862 ser-

169 2922 255 2963 mone
271 2901 480 2960 consumeres?
502 2911 571 2971 tum,
584 2919 652 2958 cum
667 2903 761 2972 etiam,
775 2902 799 2959 si
813 2902 978 2972 meministi,
993 2911 1025 2960 ut
1038 2902 1111 2961 haec
1168 2941 1177 2950 ,

168 2999 385 3074 φιλοσοφούμενα
407 2998 569 3068 scriberem,
584 3008 615 3055 tu
635 3017 683 3057 me
700 2999 847 3075 impulisti.
888 2998 960 3057 Post
978 2998 1112 3059 Caesaris

168 3099 299 3167 reditum,
314 3096 386 3171 quid
404 3096 455 3153 tibi
477 3096 579 3154 maiori
599 3114 685 3154 curae
704 3097 765 3166 fuit,
780 3114 869 3172 quam
887 3105 919 3154 ut
937 3115 1032 3155 essem
1053 3116 1111 3174 ego

169 3196 206 3254 illi
228 3212 318 3272 quam
341 3192 598 3252 familiarissimus?
620 3194 701 3270 quod
724 3194 871 3252 effeceras.
915 3195 942 3252 6.
964 3193 1111 3268 Quorsum

168 3292 252 3368 igitur
277 3291 350 3348 haec
373 3291 465 3348 oratio
490 3291 613 3366 longior,
634 3308 722 3365 quam
748 3292 902 3366 putaram?
944 3290 1022 3364 Quia
1046 3310 1111 3351 sum

168 3391 326 3450 admiratus
348 3396 386 3460 te,
408 3388 458 3464 qui
482 3386 554 3446 haec
578 3405 666 3458 nosse
692 3387 820 3459 deberes
841 3389 998 3467 quicquam
1022 3407 1040 3448 a
1062 3409 1111 3451 me
