2498 3840
148 191 211 252 240
420 185 459 234 rr.
484 185 604 234 ruam
625 187 812 235 crcrnorrrs
977 176 1048 259 [rm
1063 187 1093 233 v,

147 336 287 394 Pisonem
318 335 429 394 ferebat
462 337 492 395 in
524 336 645 405 caelum,
679 355 711 394 se
744 346 841 395 autem
875 336 984 407 laetari,
1013 336 1096 412 quod

147 436 316 512 effugissem
341 436 413 493 duas
440 436 583 494 maximas
611 436 850 512 vituperationes:
878 454 981 507 unam,
1006 453 1096 513 quam

149 535 248 593 itinere
266 533 401 590 faciendo
421 551 468 589 me
488 533 692 607 intellegebam
711 534 865 610 suscipere,
882 533 1095 611 desperationis

148 649 182 691 ac
206 631 361 689 relictionis
385 631 427 688 rei
451 630 591 706 publicae,
612 630 715 690 flentes
739 649 855 689 mecum
879 631 968 707 vulgo
993 648 1097 708 quere·

147 729 260 798 bantur,
289 728 394 803 quibus
428 726 464 784 de
496 746 564 786 meo
591 727 676 786 celeri
703 728 796 787 reditu
823 747 883 787 non
911 730 1096 804 probabam3

148 826 276 897 alteram,
297 826 334 884 de
353 843 413 902 qua
433 825 539 885 Brutus
560 836 588 884 et
610 827 659 903 qui
684 845 743 884 una
767 828 973 885 erant-multi
997 837 1098 885 autem

149 922 459 991 erant—laetabantur,
474 923 555 998 quod
573 941 638 981 eam
660 923 898 998 vituperationem
915 923 1096 1000 effugissem,

149 1038 198 1078 me
212 1019 368 1078 existimari
383 1019 421 1078 ad
435 1019 580 1096 Olympia.
615 1019 684 1078 Hoc
698 1037 767 1078 vero
781 1020 852 1077 nihil
864 1021 977 1097 turpius
991 1021 1097 1098 quovis

148 1117 189 1175 rei
213 1116 348 1193 publicae
371 1125 512 1192 tempore,
534 1117 586 1176 sed
610 1117 667 1176 hoc
691 1118 891 1188 ἀναπολόγητον.
932 1116 1002 1193 Ego
1026 1135 1097 1176 vero

149 1224 246 1273 austro
270 1215 376 1288 gratias
400 1215 496 1285 miras,
518 1215 567 1291 qui
591 1233 639 1272 me
663 1233 681 1273 a
705 1223 785 1273 tanta
809 1214 927 1273 infamia
951 1216 1095 1275 averterit

149 1313 176 1370 6.
199 1310 384 1370 Reversionis
403 1311 456 1370 has
477 1307 652 1390 [speciosas]
675 1330 778 1370 causas
799 1311 899 1383 habes,
917 1312 1010 1372 iustas
1031 1312 1096 1371 illas

148 1410 268 1487 quidem
296 1420 325 1469 et
351 1403 482 1485 magnas,
511 1410 563 1468 sed
590 1410 669 1468 nulla
696 1410 806 1480 iustior,
834 1427 922 1484 quam
951 1409 1034 1487 quod
1061 1419 1095 1468 tu

149 1509 227 1566 idem
248 1507 309 1565 aliis
330 1507 445 1566 litteris:
468 1508 614 1583 ‘provide
635 1508 659 1565 si
682 1508 729 1566 cui
754 1509 825 1583 quid
850 1508 980 1578 debetur,
1002 1518 1035 1566 ut
1057 1509 1095 1566 sit

148 1606 227 1664 unde
241 1624 294 1682 par
307 1606 369 1681 pari
384 1605 609 1681 respondeatur;
631 1606 751 1664 mirifica
769 1606 849 1664 enim
868 1608 1031 1679 δυσχρηαπία
1049 1615 1095 1664 est

149 1714 268 1781 propter
281 1712 392 1760 metum
406 1700 569 1761 armorum!
598 1701 633 1760 In
646 1702 720 1761 freto
735 1703 833 1761 medio
847 1701 923 1762 hanc
937 1703 1094 1780 epistolam

151 1802 215 1876 legi,
236 1810 276 1871 ut,
299 1800 369 1876 quid
394 1817 513 1875 possem
537 1800 695 1875 providere.
717 1801 748 1858 in
774 1810 904 1859 mentem
931 1801 1002 1859 mihi
1031 1819 1093 1860 non

150 1900 266 1969 veniret,
288 1899 343 1957 nisi
367 1898 448 1973 quod
471 1915 607 1973 praesens
632 1916 680 1956 me
703 1899 766 1974 ipse
795 1898 990 1958 defenderem.
1033 1899 1094 1959 Sed

150 1997 222 2054 haec
239 1996 395 2066 hactenus;
417 1995 528 2071 reliqua
548 2013 654 2054 coram.
700 2010 725 2070 7.
748 1995 868 2054 Antonii
887 1997 1017 2056 edictum
1034 1997 1094 2073 legi

150 2114 168 2153 a
181 2094 281 2165 Brut0,
296 2094 442 2153 ethorum
458 2103 575 2152 contra:
597 2094 735 2169 scriptum
750 2094 904 2168 praeclare
947 2094 1008 2154 Sed
1021 2095 1093 2173 quid

149 2192 204 2248 ista
219 2191 313 2250 edicta
327 2191 439 2249 valeant
453 2202 502 2250 aut
516 2208 575 2267 quo
591 2200 730 2266 spectent,
745 2191 831 2267 plane
848 2209 910 2249 non
927 2191 1023 2263 video,
1037 2211 1093 2252 nec

150 2306 207 2364 ego
232 2307 318 2360 nunc,
341 2299 372 2348 ut
396 2288 502 2350 Brutus
527 2289 672 2360 censebat,
693 2288 767 2346 istuc
791 2290 830 2348 ad
857 2307 918 2347 rem
944 2289 1094 2365 publicam

150 2386 361 2462 capessendam
386 2387 485 2458 veni0;
512 2386 582 2463 quid
607 2387 684 2444 enim
709 2385 770 2444 fieri
794 2387 910 2462 potest?
934 2405 1007 2445 num
1028 2389 1094 2464 quis

150 2484 250 2541 Pisoni
277 2494 321 2542 est
349 2484 509 2543 adsensus?
533 2502 605 2541 num
629 2484 713 2542 rediit
741 2485 804 2559 ipse
831 2483 991 2559 postridie?
1034 2484 1094 2545 Sed

150 2584 253 2640 abesse
273 2581 349 2640 hanc
371 2592 494 2640 aetatem
514 2583 602 2658 longe
622 2600 640 2639 a
661 2581 795 2658 sepulcro
816 2591 925 2657 negant
948 2594 1092 2659 oportere.

152 2681 178 2739 8.
201 2679 260 2738 Sed
274 2680 396 2737 obsecro
410 2689 447 2751 te,
462 2679 533 2756 quid
547 2690 590 2737 est
604 2679 685 2754 quod
699 2678 796 2737 audivi
810 2677 847 2736 de
862 2677 973 2736 Bruto?
990 2678 1095 2739 Piliam

149 2779 313 2852 πειράζεσθαι
326 2777 470 2850 παραλύσει
484 2788 512 2835 te
527 2778 676 2852 scripsisse
695 2776 805 2834 aiebat:
826 2775 909 2835 valde
928 2794 995 2835 sum
1011 2797 1094 2838 com·

149 2886 263 2947 motus3
284 2876 338 2934 etsi
355 2875 433 2934 idem
455 2885 483 2932 te
504 2875 627 2933 scribere
649 2891 764 2949 sperare
785 2873 895 2933 melius,
937 2872 985 2933 Ita
1005 2876 1095 2951 plane

149 2972 234 3030 velim
249 2983 277 3030 et
290 2974 319 3029 ei
330 2972 409 3031 dicas
423 2972 576 3048 plurimam
590 2971 712 3030 salutem
726 2980 755 3028 et
770 2971 954 3030 suavissimae
968 2973 1093 3033 Atticae

150 3069 235 3128 Haec
268 3070 369 3147 scripsi
401 3070 550 3147 navigans,
578 3086 645 3128 cum
673 3068 885 3145 Pompeianum
912 3070 1093 3144 accederem,

151 3186 220 3226 xun.
237 3166 303 3226 Kal.
