2392 3848
117 216 169 279 sp.
184 228 223 277 η,
237 201 290 287 ia]
347 213 460 264 arzer.
484 216 533 262 ab
557 213 676 280 Qumr.
697 213 805 263 >aran
830 217 868 262 rr.
892 220 923 285 3.
1024 214 1066 283 59

123 370 204 447 apud
232 370 404 448 Pompeium
432 372 531 430 cenavi
559 381 717 447 nactusque
745 381 859 447 tempus
886 371 943 430 hoc
968 367 1066 445 'magis

123 469 264 528 idoneum
286 486 374 546 quarn
394 488 532 545 umquam
555 480 647 538 antea,
670 470 749 546 quod
768 481 834 546 post
855 479 936 527 tuum
956 469 1064 527 disces-

123 568 231 626 sumis
246 568 307 626 dies
321 568 541 626 honestissimus
559 569 643 625 nobis
663 568 753 625 fuerat
771 569 802 625 in
821 578 930 637 senatu,
946 568 984 625 ita
1000 585 1064 624 sum

123 684 193 724 cum
217 665 265 723 illo
287 665 408 732 locutus
437 674 468 723 ut
495 665 566 721 mihi
590 665 699 722 viderer
723 666 853 722 animum
876 665 1065 738 hominislab

124 762 208 821 omni
227 762 283 821 alia
303 763 478 837 cogitatione
499 762 536 820 ad
559 772 638 820 tuam
662 763 829 837 dignitatem
852 764 990 820 tuendam
1011 772 1066 819 tra-

124 860 252 918 ducere:
274 878 361 937 quem
376 877 432 935 ego
446 861 542 936 ipsum
561 877 627 917 cum
645 859 739 930 audio,
754 879 873 936 prorsus
892 879 959 917 eum
976 859 1065 917 libero

124 957 209 1016 omni
231 958 391 1032 suspitione
414 958 594 1034 cupiditatis3
616 976 682 1016 cum
707 967 804 1015 autem
829 959 889 1016 eius
913 953 1066 1015 familiares

124 1055 259 1113 omnium
277 1055 412 1112 ordinum
429 1055 522 1124 viden,
543 1057 694 1131 perspicio,
713 1056 742 1114 id
762 1056 841 1132 quod
859 1057 915 1113 iarn
930 1057 1066 1113 omnibus

123 1163 170 1212 est
184 1162 324 1228 apertum,
340 1161 432 1210 totam
452 1170 514 1210 rem
535 1153 620 1211 istam
639 1154 697 1210 iam
716 1154 829 1228 pridem
843 1173 860 1211 a
875 1154 958 1212 certis
973 1154 1066 1212 homi-

124 1250 222 1322 nibus,
249 1268 311 1308 non
337 1250 426 1309 invito
454 1269 522 1326 rege
550 1251 615 1326 ipso
650 1252 884 1339 consiliariisque
904 1253 972 1320 eius,
1003 1269 1067 1309 esse

125 1356 300 1424 corruptam.
345 1366 373 1419 4.
401 1342 486 1406 Haec
511 1348 611 1424 scripsi
636 1348 700 1406 ad.
723 1338 779 1407 xir‘.
804 1340 881 1407 Καὶ,Ι
895 1348 1066 1407 Februarias

126 1456 195 1505 ante
208 1445 321 1505 lucem:
342 1464 379 1505 eo
394 1446 440 1504 die
457 1456 574 1505 senatus
594 1455 655 1505 erat
671 1446 790 1505 futurus.
834 1447 896 1504 Nos
911 1448 941 1504 in
957 1459 1066 1515 senatu,

127 1561 217 1621 quem
230 1543 268 1601 ad
281 1544 404 1601 modum
425 1561 519 1619 spero,
540 1544 709 1619 dignitatem
728 1554 866 1616 nostram,
884 1555 914 1603 ut
928 1555 1024 1619 potest
1038 1546 1068 1601 in

127 1650 208 1700 tanta
223 1640 376 1698 hominum
395 1636 515 1716 perfidia
534 1651 562 1698 et
583 1642 740 1717 iniquitate,
760 1642 966 1713 retinebimus;
989 1643 1068 1719 quod

127 1738 167 1798 ad
191 1739 362 1815 popularem
384 1739 525 1797 rationein
546 1740 653 1810 attinet,
675 1739 733 1797 hoc
756 1736 887 1797 videmur
909 1758 973 1798 esse
998 1758 1068 1797 con-

127 1837 230 1906 secuti,
250 1846 281 1894 ut
304 1855 341 1894 ne
364 1831 435 1911 quid
457 1838 504 1913 agi
529 1852 596 1895 cum
622 1837 731 1912 populo
756 1847 804 1895 aut
827 1838 911 1894 salvis
933 1838 1067 1912 auspiciis

129 1943 180 1993 aut
204 1934 289 1992 salvis
316 1934 428 2009 legibus
452 1944 501 1992 aut
529 1934 652 2010 denique
675 1936 736 1992 sine
757 1936 783 1991 vi
806 1945 912 2010 posset.
954 1935 1001 1992 De
1025 1935 1069 1992 his

127 2034 217 2091 rebus
238 2031 339 2107 pridie,
357 2050 445 2107 quam
466 2033 538 2091 haec
561 2033 671 2108 scripsi,
693 2044 809 2090 senatus
831 2033 983 2091 auctoritas
1004 2052 1069 2108 gra-

128 2130 247 2188 vissima
266 2129 444 2201 intercessit;
473 2130 519 2187 cui
542 2148 608 2187 cum
631 2125 704 2188 Cato
726 2140 754 2188 et
774 2130 914 2188 Caninius
935 2132 1070 2189 interces-

128 2228 244 2296 sissent,
264 2234 362 2283 tamen
385 2235 429 2283 est
456 2227 633 2302 perscripta:
661 2246 726 2284 eam
755 2228 793 2285 ad
817 2239 844 2286 te
866 2229 985 2286 missam
1006 2246 1070 2286 esse

128 2325 259 2385 arbitror.
300 2323 346 2382 De
365 2324 466 2382 ceteris
485 2324 578 2395 rebus,
598 2325 734 2401 quiequid
752 2326 806 2383 erit
820 2336 924 2396 actum,
947 2327 1071 2384 scribam

128 2422 169 2481 ad
192 2432 231 2492 te,
255 2431 291 2491 et,
318 2431 348 2479 ut
373 2439 461 2497 quarn
486 2423 644 2481 rectissime
664 2436 773 2498 agatur,
798 2425 878 2481 omni
904 2442 969 2481 mea
994 2443 1071 2493 cura,

127 2538 230 2599 opera,
251 2518 405 2595 diligentia,
427 2521 519 2601 gratia
539 2521 706 2597 providebo.

253 2666 301 2723 23.
341 2664 398 2722 AD
419 2664 619 2779 QUINQUM
639 2665 841 2724 FRATREM
862 2669 901 2726 II.
925 2687 952 2743 3.

194 2778 260 2841 Sca
282 2779 391 2839 Rosius
412 2798 487 2838 erun.
508 2780 550 2840 In.
571 2781 659 2840 Fran.
681 2800 719 2839 ar
740 2801 786 2840 xv.
808 2783 884 2841 Krn.
906 2783 1008 2842 Marc.

515 2897 599 2939 auc.
621 2882 688 2953 698.
785 2882 793 2931 ι’

334 2992 448 3035 MARCUS
468 2993 577 3044 ouruno
597 2995 705 3036 suarm
725 2996 869 3037 susurru.

174 3110 203 3152 1.
236 3088 346 3151 Scrutsr
377 3089 414 3148 ad
441 3099 470 3149 te
498 3100 583 3149 antea
613 3094 778 3169 superiora;
808 3113 886 3152 nunc
916 3112 1072 3169 cognosce,

128 3200 235 3267 postea
255 3206 330 3265 quae
352 3191 408 3247 sint
429 3198 510 3247 acta:
539 3207 556 3247 a
577 3189 642 3248 Kal.
665 3190 749 3249 Febr.
770 3190 929 3266 legationes
951 3193 980 3249 in
1002 3193 1073 3251 Idus

129 3286 217 3347 Febr.
231 3286 447 3358 reiiciebantur;
466 3303 502 3344 eo
518 3287 563 3345 die
577 3306 623 3345 res
638 3287 772 3345 confecta
786 3306 845 3345 non
860 3299 910 3346 est.
947 3290 1009 3348 ad.
1022 3311 1073 3350 1111.

131 3382 213 3445 Non.
234 3382 319 3443 Febr.
342 3384 415 3444 Milo
437 3384 526 3443 adfuit
538 3403 546 3458 ;
575 3385 601 3445 ei
624 3385 781 3462 Pompeius
803 3387 959 3447 advocatus
980 3391 1073 3461 venit;

183 3458 315 3541 diali
