2498 3840
151 207 212 274 ¹30
426 201 466 251 rr.
490 201 609 250 ructu
629 199 817 250 cremorem
966 185 1035 268 [rm
1050 200 1097 251 ut

325 427 372 483 49.
413 422 471 482 ΑΙ)
492 420 687 483 ATTICUM
706 420 793 482 VIII.
818 441 852 481 11
875 421 913 482 A.

182 536 248 597 Scrr.
271 537 421 597 Lucerum
442 555 499 596 no.
520 556 558 596 1v.
579 537 650 595 Inus
670 534 858 596 Faaaunmns
878 555 963 596 auc.
987 549 1057 610 705.

260 663 304 704 cu.
327 661 467 702 romnms
487 660 601 702 rnocos.
622 660 645 701 s.
666 660 694 702 n.
715 660 747 701 u.
768 660 902 702 crcurrom
923 661 984 701 mr.

188 757 226 829 Q.
247 756 354 814 Fnarus
368 755 405 813 ad
419 773 467 813 me
481 755 558 813 venit
571 774 596 814 a.
612 755 639 814 d.
654 775 707 815 nu.
721 756 794 814 Idus
807 754 892 814 Febr.
936 755 968 814 Is
982 757 1096 816 nuntiat

146 853 180 913 L.
194 853 358 911 Domitium
376 870 443 911 cum
464 852 523 911 suis
544 853 713 912 cohortibus
727 872 764 912 xr.
779 862 808 911 et
828 852 999 913 cohortibus
1013 873 1096 927 xum,

147 969 220 1026 quas
247 948 391 1006 Vibullius
419 948 547 1019 adduxit,
576 949 614 1007 ad
640 967 690 1008 me
716 950 770 1007 iter
796 950 923 1024 habere3
956 949 1096 1011 habuisse

147 1046 288 1104 inanimo
303 1044 447 1121 proficisci
463 1043 592 1102 Corfinio
607 1063 632 1103 a.
647 1043 676 1102 d.
690 1063 717 1103 v.
728 1045 799 1104 Idus
814 1044 909 1116 Febr,
924 1045 960 1106 C.
972 1046 1095 1105 Hirrum

147 1161 215 1201 curn
237 1160 263 1199 v.
285 1140 453 1198 cohortibus
475 1140 621 1216 subsequi.
663 1139 787 1212 Cense0,
805 1142 843 1200 ad
864 1159 920 1200 nos
937 1142 1095 1202 Luceriam

146 1240 245 1298 venias
253 1257 261 1311 3
283 1255 353 1294 nam
367 1245 396 1295 te
410 1236 457 1294 hic
471 1237 612 1295 tutIssime
626 1246 699 1312 puto
715 1237 787 1296 fore.

329 1398 376 1453 50.
417 1393 477 1453 AD
496 1393 690 1454 ATTICUM
711 1395 796 1454 VIII.
821 1415 855 1455 11
880 1396 915 1456 B.

158 1510 224 1571 Scn.
245 1510 368 1570 Fontius
388 1529 416 1567 n.
437 1528 464 1568 o.
486 1529 543 1568 xrv.
564 1508 724 1570 Kmuuons
746 1510 885 1572 Maurus
905 1531 989 1574 auc.
1013 1529 1083 1590 705.

296 1634 327 1677 u.
349 1633 451 1675 crcauo
472 1634 529 1674 rur.
551 1634 574 1675 s.
595 1634 623 1675 n.
644 1635 689 1676 cu.
710 1636 811 1678 uacuo
832 1637 947 1679 rnocos.

192 1750 217 1789 1.
248 1729 285 1790 A.
313 1749 340 1790 n.
369 1750 414 1790 xv.
443 1729 567 1789 Kalend.
597 1730 717 1790 Martias
744 1732 869 1792 Formiis
900 1736 1000 1811 accepi
1028 1746 1095 1797 tuas

147 1829 262 1899 litteras,
282 1846 319 1885 ex
340 1829 445 1905 quibus
465 1846 508 1900 ea,
529 1847 603 1904 quae
625 1828 654 1885 in
676 1847 747 1904 agro
769 1830 877 1889 Piceno
897 1842 981 1908 gesta
1001 1845 1093 1906 erant,

147 1927 272 2003 cognovi
300 1924 502 1984 commodiora
529 1943 594 1983 esse
622 1925 723 1997 multo,
747 1945 835 2002 quarn
862 1938 894 1986 ut
919 1940 981 1988 erat
1005 1934 1097 1993 nobis‘

147 2027 325 2092 nuntiatum,
341 2020 520 2097 Vibulliique
547 2023 682 2081 virtutem
714 2024 942 2102 industriamque
971 2028 1095 2091 libenter

148 2122 262 2199 agnovi.
304 2119 368 2178 Nos
384 2119 478 2177 adhuc
500 2120 530 2176 in
551 2138 586 2177 ea
607 2137 667 2190 ora,
682 2121 728 2177 cui
748 2122 906 2198 praepositi
927 2141 1039 2198 sumus,
1054 2128 1094 2187 ita
1124 2125 1130 2136 ‘

148 2220 263 2289 fuimus,
278 2227 310 2276 ut
324 2232 427 2275 navem
445 2226 576 2292 paratam
590 2216 781 2290 haberemus;
804 2236 839 2277 ea
857 2220 935 2278 enim
954 2222 1093 2283 audieba-

147 2336 213 2376 mus
248 2325 277 2375 et
310 2332 345 2372 ea
371 2314 547 2385 verebamur,
576 2324 615 2384 ut,
644 2315 851 2393 quodcumque
878 2327 910 2376 tu
938 2320 1094 2381 consilium

148 2415 285 2491 cepisses,
300 2411 330 2470 id
343 2411 428 2469 nobis
443 2411 676 2487 persequendum
691 2423 866 2488 putaremus.
908 2412 997 2474 Nunc
1017 2436 1093 2495 quo·

147 2513 227 2571 niam
240 2509 408 2569 auctoritate
423 2518 453 2567 et
466 2511 588 2568 consilio
605 2519 655 2568 tuo
675 2511 706 2568 in
726 2530 776 2587 spe
796 2511 922 2570 firmiore
941 2531 1053 2586 sumus,
1068 2519 1094 2577 si

147 2610 237 2669 teneri
251 2626 339 2686 posse
356 2616 441 2684 putas
456 2607 646 2666 Tarracinam
664 2614 692 2664 et
708 2626 789 2667 oram
807 2610 990 2683 maritimam,
1005 2612 1037 2671 in
1058 2633 1094 2675 ea

148 2707 283 2777 maneb0,
299 2706 352 2764 etsi
366 2704 508 2782 praesidia
521 2705 552 2761 in
566 2705 681 2780 oppidis
699 2706 777 2764 nulla
796 2716 864 2766 sunt
873 2728 882 2778 ;
904 2726 993 2767 nemo
1012 2712 1093 2770 enim

146 2805 238 2864 nostri
259 2804 367 2862 ordinis
387 2803 418 2861 in
438 2802 484 2860 his
504 2802 576 2860 locis
597 2813 640 2860 est
661 2815 773 2878 praeter
795 2803 836 2864 M.
851 2805 988 2882 Eppium,
1003 2826 1093 2884 quem

148 2921 205 2979 ego
226 2901 382 2959 Mmturnis
403 2918 466 2958 esse
483 2899 568 2964 volui,
583 2899 749 2973 vigilantem
770 2902 920 2962 hominem
941 2914 970 2963 et
991 2905 1092 2965 indus·

148 3001 249 3058 trium:
272 3016 340 3057 nam
354 2997 387 3055 L.
404 2996 593 3072 Torquatum,
610 2997 701 3055 virum
716 2997 820 3057 sortem
834 3010 863 3059 et
881 3018 949 3058 cum
967 3005 1092 3063 auctori·

149 3108 214 3166 tate,
230 3097 353 3155 Formiis
374 3113 435 3153 non
456 3094 605 3166 habemus,
626 3095 664 3152 ad
678 3104 706 3154 te
727 3097 890 3172 profectum
910 3099 1093 3162 arbitramur.

152 3215 177 3253 a.
218 3193 284 3269 Ego
319 3194 448 3264 omnim,
477 3202 509 3251 ut
536 3192 668 3268 proxime
696 3194 747 3252 tibi
775 3193 929 3270 placuerat,
957 3194 1093 3272 Capuam

149 3291 214 3348 veni
235 3309 271 3348 eo
292 3290 357 3366 ipso
379 3290 434 3362 die,
456 3307 515 3366 quo
538 3301 568 3348 tu
589 3291 694 3350 Teano
721 3291 847 3350 Sidicino
870 3309 902 3350 es
926 3293 1092 3368 profectus;

149 3387 278 3446 volueras
306 3388 383 3446 enirn
407 3406 454 3447 me
479 3406 545 3446 cum
570 3387 611 3446 M.
637 3388 779 3448 Considio
801 3405 855 3467 pro
884 3401 1017 3464 praetore
1043 3392 1093 3453 illa
