2392 3848
122 189 340 274 assatam]
367 201 481 252 aaran.
500 201 550 248 An
566 200 795 248 Anrrcuurx.
812 186 880 263 621,
898 198 925 267 7.
1008 202 1068 269 145

121 352 218 424 video,
235 351 335 411 nescio
354 369 427 428 quas
443 351 505 409 eius
523 349 659 409 Lucerias
680 349 814 408 horrent:
835 349 940 422 itaque'
951 365 1068 422 quaero,

121 449 174 528 qui
194 449 254 508 sint
272 448 318 507 isti
336 449 501 523 optimates,
517 447 566 521 qui
589 465 635 503 me
650 446 812 514 exturbent,
828 463 894 502 curn
912 444 968 519 ipsi
990 444 1070 502 domi

121 554 274 605 maneant.
317 543 376 603 Sed
403 552 509 613 tamen,
531 543 708 619 quicumque
737 550 812 610 sunt,
837 543 950 612 αἰδέομαι
976 546 1069 612 Τρῶας.

103 643 198 715 'Etsi
224 661 284 720 qua
311 660 365 718 spe
393 641 560 718 proficiscar
584 641 679 710 video,
703 640 910 714 coniungoque
931 656 979 695 me
1003 656 1071 694 curn

123 740 246 799 bomine
261 741 356 815 magis
370 739 408 797 ad
422 739 595 797 vastandam
615 737 728 794 Italiam
742 754 831 812 quam
845 735 883 793 ad
897 735 1072 793 vincendum

123 846 237 917 parato.
280 836 447 907 †domum
475 854 563 911 quern
592 846 740 910 exspecto
781 833 820 891 Et
849 832 976 909 quidem,
1004 850 1072 890 curn

124 935 199 995 haec
221 935 394 1004 scribebam,
414 952 467 992 1111.
489 932 601 1002 Nonas,
622 932 681 990 iam
703 932 909 1007 exspectabam
929 929 1036 1007 aliquid
1055 949 1072 986 a

125 1031 292 1091 Brundisio.
342 1030 423 1102 Quid
451 1039 547 1088 autern
576 1029 703 1105 aliquid?
738 1047 826 1105 quam
854 1029 923 1086 inde
954 1029 1072 1103 turpiter

125 1129 250 1205 fugisset
269 1136 299 1187 et
320 1128 412 1186 victor
432 1127 478 1186 hic
500 1145 559 1203 qua
579 1146 610 1185 se
631 1126 748 1184 referret
768 1136 797 1184 et
817 1144 898 1202 quo;
921 1125 1001 1201 quod
1022 1127 1072 1183 ubi

125 1227 282 1296 audissem,
297 1226 323 1285 si
335 1225 380 1285 ille
397 1224 493 1301 Appia
506 1225 622 1296 veniret,
638 1243 695 1300 ego
709 1225 854 1300 Arpinum
870 1224 1044 1298 cogitabam.

334 1385 382 1441 60.
424 1380 481 1439 AD
503 1379 697 1439 ATTICUM
718 1378 771 1436 IX.
795 1381 811 1435 6
834 1379 871 1437 A.

341 1512 451 1555 CAESAR
472 1513 531 1552 mr.
552 1511 575 1553 S.
597 1512 624 1552 Ι).
647 1511 782 1553 CICERONI
804 1512 862 1551 lllll’.

170 1610 245 1672 Cuu
263 1610 404 1668 Furnium
424 1618 557 1668 nostrum
577 1618 690 1666 tantum
711 1608 856 1678 vidissem,
879 1626 973 1684 neque
993 1607 1074 1685 loqui

130 1726 232 1785 neque
258 1707 357 1767 audire
391 1724 460 1764 meo
493 1706 652 1764 commodo
687 1706 856 1781 potuissem,
888 1724 1074 1781 properarem

131 1816 223 1883 atque
243 1822 341 1863 essem
360 1804 391 1861 in
412 1804 522 1873 itinere,
536 1803 704 1879 praemissis
725 1803 783 1860 iarn
806 1803 978 1877 legionibus,
992 1822 1074 1878 prae-

131 1903 219 1963 terire
234 1912 334 1960 tamen
352 1919 414 1959 non
435 1901 526 1977 potui,
540 1901 611 1976 quin
626 1910 654 1958 et
676 1901 831 1958 scriberem
852 1901 889 1958 ad
904 1912 932 1958 te
947 1912 975 1959 et
995 1902 1075 1959 illurn

132 2002 279 2061 mitterem
302 2000 466 2074 gratiasque
494 2016 620 2073 agerem,
646 1999 699 2056 etsi
724 1998 781 2056 hoc
803 2008 832 2056 et
854 1998 909 2056 feci
937 2017 1024 2076 saepe
1047 2012 1076 2059 et

133 2098 253 2175 saepius
277 2096 348 2155 mihi
368 2096 494 2155 facturus
507 2097 632 2176 uideor:
663 2099 703 2154 ita
723 2096 760 2154 de
781 2115 828 2154 me
849 2098 975 2156 mereris
1017 2099 1076 2157 Im-

134 2196 240 2276 primis
258 2213 276 2253 a
296 2205 324 2252 te
345 2203 423 2271 peto,
439 2195 577 2271 quoniam
592 2194 709 2252 confido
723 2212 771 2252 me
786 2194 913 2253 celeriter
927 2197 964 2253 ad
978 2199 1079 2255 urbem

134 2303 300 2362 venturum,
313 2302 347 2351 ut
367 2303 394 2350 te
413 2292 453 2349 ibi
469 2292 592 2363 videam,
607 2301 639 2349 ut
660 2302 710 2350 tuo
728 2292 858 2362 consili0,
873 2296 971 2367 gratia,
985 2296 1079 2370 digni-

134 2402 206 2463 tate,
231 2409 289 2466 ope
316 2390 449 2448 omniurn
473 2408 569 2447 rerum
591 2390 632 2447 uti
662 2391 782 2466 possim.
826 2391 875 2448 Ad
898 2396 1080 2469 propositum

134 2499 281 2551 revertar:
302 2487 478 2546 festinationi
499 2505 581 2545 meae
596 2488 784 2564 brevitatique
805 2488 961 2548 litterarum
982 2492 1080 2567 ignos-

135 2605 189 2650 ces
197 2606 207 2661 ;
229 2587 338 2661 reliqua
353 2604 389 2643 ex
404 2585 512 2643 Furnio
527 2603 700 2661 cognosces.

364 2747 412 2801 61.
454 2742 512 2800 ΑΙ)
534 2742 728 2802 ATTICUM
749 2744 802 2802 IX.
826 2758 850 2819 7.

204 2856 273 2917 Sex.
295 2856 418 2917 Fouuus
438 2876 465 2915 n.
480 2875 508 2915 1).
540 2876 581 2915 m.
604 2857 673 2916 Inus
695 2858 833 2919 Marinus
854 2879 937 2920 auc.
961 2875 976 2936 γ
1000 2876 1027 2936 5.

458 2981 562 3022 crosno
583 2981 688 3023 arrrco
710 2982 771 3023 sar..

184 3076 416 3138 1.,Scx11³saxnu
436 3076 474 3134 ad
492 3086 520 3133 te
535 3077 697 3152 epistolam,
712 3097 800 3154 quam
815 3080 913 3138 darem
928 3101 978 3141 n11.
994 3083 1082 3156 idus,

139 3175 195 3235 sed
208 3191 245 3232 eo
260 3174 306 3231 die
320 3173 354 3243 is,
366 3175 412 3232 cui
427 3174 495 3231 dare
506 3174 662 3245 volueram,
671 3193 731 3233 non
745 3187 790 3234 est
803 3175 957 3252 profectus.
994 3179 1082 3239 Venit

140 3280 239 3331 autem
260 3288 297 3328 eo
316 3272 381 3346 ipso
400 3271 447 3328 die
463 3270 509 3327 ille
529 3271 700 3347 ‘celeripes’
722 3291 809 3349 quem
827 3272 936 3333 Salvius
958 3277 1082 3337 dixerat:

140 3366 234 3427 attulit
256 3367 415 3427 uberrimas
437 3377 499 3426 tuas
519 3368 635 3442 litteras,
654 3388 727 3446 quae
750 3370 821 3428 mihi
843 3372 981 3449 quiddam
1002 3379 1084 3454 quasi

602 3485 621 3527 1.
