2392 3848
122 216 167 279 ap.
184 200 242 288 3ο.]
327 214 440 268 rerer.
463 214 512 263 Ao
535 214 756 264 rnnrrmnas
776 215 814 261 rr.
838 199 868 262 6.
1024 197 1066 280 89

122 360 213 421 dicari
225 381 319 449 'quam
341 381 359 421 a
378 381 426 421 me
446 363 600 439 ponderari
621 362 723 432 solent,
743 360 932 420 verecundius
953 379 970 419 a
991 370 1027 431 te,
1043 362 1066 418 si

122 477 201 536 quae
214 479 323 537 magna
339 479 385 519 res
399 461 470 519 mihi
489 461 616 537 petenda
634 471 718 530 esset,
735 459 959 528 contenderem;
980 477 1067 534 grave

122 566 169 617 est
186 559 267 617 enim
285 558 397 616 homini
415 558 535 634 pudenti
553 569 652 634 petere
671 558 780 633 aliquid
800 574 941 630 magnum
962 557 999 613 ab
1020 573 1066 623 e0‚

122 654 237 732 dequo
252 673 284 714 se
298 657 372 714 bene
387 657 521 714 meritum
535 665 623 732 putet,
639 673 676 713 ne
695 656 734 724 id,
750 655 829 729 quod
848 663 935 729 petat,
950 654 1067 728 exigere

121 755 220 831 magis
233 772 323 831 quam
338 773 440 831 rogare
455 764 483 814 et
502 755 532 812 in
551 754 692 813 mercedis
711 754 808 828 potius
827 771 914 828 quam
935 751 1067 809 beneficii

121 852 191 911 loco
206 870 357 911 numerare
370 853 507 911 videatur.
551 872 577 910 2.
601 851 658 909 Sed
673 852 741 926 quia
754 861 804 909 tua
820 851 850 908 in
868 869 916 908 me
935 850 980 908 vel
998 859 1068 906 nota

122 949 262 1009 omnibus
272 951 317 1008 vel
331 950 395 1026 ipsa
404 951 530 1007 novitate
544 967 676 1007 meorum
691 960 855 1024 temporum
870 948 1026 1007 clarissima
1040 958 1068 1004 et

121 1046 253 1105 maxima
272 1047 415 1105 beneficia
435 1047 611 1115 exstiterunt,
634 1055 735 1121 estque
760 1046 848 1104 animi
872 1045 1000 1120 ingenui,
1022 1044 1068 1102 cui

122 1143 250 1201 multum
264 1143 380 1214 debeas,
395 1143 490 1202 eidem
504 1142 660 1219 plurimum
673 1143 745 1200 velle
764 1143 878 1212 debere,
893 1161 955 1200 non
975 1142 1068 1200 dubit-

122 1241 171 1299 avi
189 1240 221 1299 id
237 1259 256 1299 a
275 1251 304 1299 te
324 1260 376 1317 per
396 1241 504 1299 litteras
525 1251 632 1316 petere,
647 1241 726 1315 quod
749 1241 818 1299 mihi
840 1241 972 1298 omnium
993 1250 1069 1297 esset

123 1340 289 1399 maximum
315 1339 500 1414 maximeque
528 1340 723 1398 necessarium
735 1359 743 1409 ;
776 1357 870 1414 neque
898 1339 976 1395 enim
1004 1357 1069 1396 sum

123 1438 233 1496 veritus
272 1454 311 1494 ne
353 1437 494 1495 sustinere
536 1447 586 1494 tua
627 1435 658 1492 in
692 1454 740 1492 me
773 1435 818 1493 vel
850 1436 1069 1494 innumerabilia

125 1553 189 1595 uon
217 1552 344 1611 possem,
374 1553 441 1593 cum
468 1534 636 1610 praesertim
665 1534 842 1592 confiderem
870 1534 978 1591 nullam
1006 1553 1069 1592 esse

125 1632 251 1711 gratiam
271 1642 390 1702 tantam,
411 1650 500 1707 quam
520 1649 581 1689 non
601 1631 645 1688 vel
671 1649 774 1706 capere
799 1632 912 1689 animus
936 1650 1018 1689 meus
1040 1633 1069 1689 in

125 1728 298 1807 accipiendo
314 1728 358 1786 vel
378 1729 405 1785 in
428 1727 640 1786 remunerando
661 1728 807 1785 cumulare
828 1737 913 1802 atque
934 1729 1070 1786 illustrare

126 1836 237 1906 posset
287 1845 314 1900 3.
345 1825 411 1902 Ego
440 1827 538 1884 omnia
564 1843 631 1883 mea
658 1824 760 1895 studia,
790 1843 909 1883 ornnem
941 1844 1069 1902 operam,

127 1943 239 1996 curam,
252 1924 431 1995 industriam,
443 1923 659 1998 cogitationem,
671 1933 798 1981 mentem
814 1923 937 2000 denique
953 1942 1071 1982 omnem

127 2025 161 2085 in
174 2022 296 2082 Milonis
310 2022 461 2080 consulatu
475 2021 525 2078 fixi
539 2030 567 2078 et
582 2021 681 2091 locavi,
697 2021 840 2096 statuique
854 2023 883 2078 in
898 2040 934 2079 eo
949 2041 997 2080 me
1011 2042 1071 2081 non

127 2122 218 2182 officii
238 2118 333 2179 solum
354 2119 478 2178 fructum
503 2119 555 2177 sed
579 2119 666 2177 etiarn
690 2119 803 2194 pietatis
826 2119 942 2177 laudem
967 2120 1072 2179 debere

128 2237 291 2298 quaerere3
313 2235 408 2292 neque
425 2235 493 2275 vero
513 2217 647 2291 cuiquam
668 2216 789 2275 salutem
808 2236 843 2275 ac
863 2216 992 2276 fortunas
1007 2236 1073 2277 suas

128 2330 228 2379 tantae
248 2334 333 2375 curae
347 2315 435 2374 fuisse
450 2334 588 2391 umquam
603 2326 682 2390 put0,
697 2324 823 2391 quantae
837 2315 906 2372 mihi
921 2327 964 2374 est
978 2317 1073 2375 honos

127 2416 202 2484 eiua,
224 2414 256 2472 in
279 2430 339 2489 quo
361 2412 461 2470 omnia
482 2429 548 2469 mea
570 2412 665 2486 posita
689 2430 753 2469 esse
776 2412 897 2470 decrevi.
938 2412 1017 2471 Huic
1046 2426 1073 2473 te

127 2529 223 2576 unum
243 2519 325 2569 tanto
345 2509 514 2568 adiumento
533 2528 606 2580 esse,
627 2510 651 2567 si
672 2511 804 2580 volueris,
819 2529 906 2586 posse
928 2511 1072 2586 intelleg0,

128 2620 163 2671 ut
176 2608 248 2669 nihil
262 2608 299 2666 sit
312 2617 460 2682 praeterea
473 2608 559 2666 nobis
573 2608 787 2683 requirendum.
830 2608 983 2667 Habemus
1001 2610 1074 2667 haec

128 2709 242 2769 omnia:
257 2706 403 2764 bonorum
417 2705 544 2764 studium
560 2706 744 2764 conciliatum
755 2725 791 2764 ex
802 2706 946 2765 tribunatu
958 2718 1074 2782 propter

127 2816 271 2873 nostram,
285 2812 319 2860 ut
332 2819 418 2878 spero
432 2812 460 2860 te
475 2802 648 2877 intellegere,
663 2821 797 2873 causam;
812 2804 888 2878 volgi
903 2823 937 2862 ac
950 2805 1075 2862 multitu·

128 2905 209 2967 dinis
234 2913 352 2979 propter
375 2901 620 2977 magnificentiam
644 2920 798 2959 munerum
822 2903 1074 2978 liberalitatemque

128 3012 264 3071 naturae3
278 2999 431 3058 iuventutis
442 3009 471 3057 et
481 2999 674 3074 gratiosorum
686 2999 715 3056 in
727 2999 869 3074 suffragiis
883 2999 977 3057 studia
987 3018 1074 3076 prop·

127 3114 173 3165 ter
186 3099 279 3177 ipsius
293 3096 481 3158 excellentem
495 3098 525 3154 in
540 3115 576 3154 eo
590 3115 697 3171 genere
707 3096 752 3154 vel
766 3097 888 3172 gratiam
899 3097 943 3154 vel
955 3098 1075 3173 diligen-

127 3202 215 3271 tiam3
237 3207 366 3255 nostram
386 3195 630 3271 suffragationem,
645 3196 779 3254 siminus
794 3204 951 3270 potentem,
967 3206 996 3253 at
1010 3216 1076 3273 pro-

128 3302 231 3359 batam
251 3303 350 3352 tamen
370 3303 399 3351 et
418 3293 522 3351 iustam
540 3304 568 3350 et
588 3292 714 3351 debitam
736 3303 764 3350 et
783 3302 937 3368 propterea
957 3292 1077 3351 sortasse

126 3394 220 3481 etiam
232 3391 399 3469 gratiosam.
441 3409 470 3464 4.
492 3389 561 3449 Dux
577 3391 663 3448 nobis
677 3400 705 3449 et
720 3402 822 3450 auctor
837 3407 913 3467 opus
928 3402 971 3450 est
986 3400 1014 3449 et
1028 3408 1077 3449 eo-
