2498 3840
154 195 265 282 span]
393 209 508 260 xrrsr.
529 209 580 259 aa
601 209 765 260 mrcmu
784 211 817 260 x.
841 196 870 259 8.
1039 199 1100 282 167

151 360 226 418 inter
238 377 295 418 uos
305 358 450 418 scribendi
461 359 522 418 fieri
533 369 648 436 tempus
659 378 737 432 esse;
752 359 814 432 sed,
825 378 893 419 cum
904 358 941 418 ad
951 377 999 418 me
1013 379 1101 438 saepe

151 476 220 516 mea
235 457 332 515 Tullia
353 457 459 515 scribat
473 476 569 521 orans,
584 468 615 516 ut
630 458 700 533 quid
713 459 744 515 in
758 457 904 535 Hispania
923 467 1039 534 geratur
1052 478 1101 517 ex-

152 565 293 631 spectem,
307 563 337 612 et
357 572 473 631 semper
494 554 638 613 adscribat
658 555 737 614 idem
751 556 840 614 videri
860 556 911 612 tibi
932 555 1020 632 idque
1039 556 1102 632 ipse

151 654 240 712 etiam
251 671 289 710 ex
299 653 356 710 tuis
365 651 464 710 litteris
475 652 671 724 intellexerim,
681 671 743 710 non
753 664 825 729 puto
836 671 900 711 esse
915 652 1040 710 alienum
1054 671 1103 711 me

153 750 191 809 ad
204 759 243 821 te,
255 748 327 825 quid
341 749 378 807 de
393 766 428 806 ea
441 767 473 806 re
486 749 621 820 sentiam,
633 750 765 808 seribere.
811 769 835 808 a.
853 749 1013 807 Consilium
1026 750 1103 808 istud

153 857 223 906 tunc
244 857 323 904 esset
342 846 479 921 prudens,
493 856 526 904 ut
540 845 611 904 mihi
625 847 745 918 videtur,
757 847 780 905 si
794 857 908 905 nostras
924 848 1051 905 rationes
1065 847 1104 906 ad

154 943 386 1020 Hispaniensem
400 961 502 1001 casum
517 944 764 1002 accommodaturi
779 962 909 1003 essemus
917 964 925 1016 ;
947 945 1028 1021 quod
1042 945 1104 1002 fieri

155 1043 255 1118 nequit
263 1061 271 1113 ;
294 1059 415 1100 necesse
430 1052 475 1098 est
488 1042 567 1098 enim
582 1052 637 1111 aut,
650 1041 680 1099 id
694 1041 774 1118 quod
788 1042 915 1101 maxime
929 1042 1024 1112 velim,
1035 1042 1104 1117 pelli

155 1142 242 1200 istum
256 1142 295 1199 ab
306 1139 461 1216 Hispania,
472 1149 520 1197 aut
534 1139 608 1197 trahi
623 1139 652 1196 id
666 1140 782 1212 bellum,
794 1150 843 1199 aut
857 1141 952 1210 istum,
967 1150 998 1198 ut
1012 1140 1104 1198 confi-

157 1241 224 1298 dere
241 1239 361 1309 videtur,
376 1237 594 1313 apprehendere
608 1236 777 1313 Hispanias.
821 1239 852 1297 Si
871 1237 1000 1313 pelletur,
1015 1256 1104 1314 quam

158 1349 253 1414 gratus
272 1346 323 1394 aut
342 1353 432 1412 quam
446 1335 587 1393 honestus
606 1345 668 1393 tum
688 1336 741 1394 erit
759 1335 797 1394 ad
811 1335 984 1411 Pompeium
1005 1347 1105 1394 noster

148 1435 307 1513 adventus,
322 1452 389 1491 cum
409 1433 506 1508 ipsum
520 1431 679 1491 Curionem
699 1434 737 1491 ad
755 1452 824 1491 eum
844 1435 1031 1492 transiturum
1051 1453 1104 1510 pu·

161 1534 236 1593 tem?
258 1534 283 1590 si
304 1531 424 1589 trahitur
444 1530 561 1602 bellum,
577 1531 647 1607 quid
668 1541 836 1607 exspectem
857 1542 906 1589 aut
925 1549 1014 1607 quam
1035 1532 1105 1590 diu?

162 1630 334 1707 relinquitur,
352 1638 393 1699 ut,
416 1627 440 1685 si
461 1628 602 1686 vincimur
621 1629 653 1686 in
673 1627 828 1705 Hispania,
851 1629 1053 1704 quiescamus:
1074 1630 1106 1688 id

165 1746 216 1802 ego
235 1737 338 1786 contra
356 1736 444 1801 puto;
466 1724 554 1784 istum
572 1726 651 1783 enim
664 1727 803 1785 victorem
823 1727 918 1802 magis
940 1726 1104 1803 relinquen·

167 1826 230 1884 dum
257 1835 330 1901 puto
361 1842 450 1899 quam
477 1823 587 1881 victum
616 1833 646 1882 et
679 1825 860 1883 dubitantem
890 1825 984 1900 magis
1015 1843 1105 1900 quam

168 1924 298 1982 fidentem
322 1922 382 1979 suis
407 1922 501 1980 rebus.
545 1920 624 1979 Nam
646 1922 768 1980 caedem
788 1921 881 1992 vide0,
903 1922 927 1980 si
948 1923 1054 1993 vicerit,
1075 1933 1105 1981 et

169 2021 300 2096 impetum
321 2021 352 2077 in
372 2020 548 2095 privatorum
567 2019 705 2094 pecunias
726 2028 756 2078 et
776 2019 909 2078 exsulum
929 2020 1055 2077 reditum
1075 2032 1105 2078 et

171 2119 271 2176 tabidas
290 2135 382 2176 novas
401 2127 429 2176 et
448 2117 682 2194 turpissimorum
701 2117 829 2176 honores
850 2128 880 2175 et
899 2135 1024 2192 regnum
1043 2136 1105 2177 non

172 2217 252 2274 modo
273 2214 410 2272 Romano
432 2213 554 2284 homini,
570 2214 622 2272 sed
643 2232 681 2272 ne
700 2214 806 2273 Persae
827 2216 946 2292 quidem
968 2216 1105 2291 cuiquam

173 2312 314 2371 tolerabile.
359 2331 384 2386 3.
408 2311 512 2369 Tacita
532 2329 596 2370 esse
611 2313 716 2388 poterit
729 2313 886 2387 indignitas
905 2314 1023 2371 nostra?
1046 2315 1106 2390 pati

174 2421 297 2487 poterunt
317 2409 393 2468 oculi
415 2428 463 2466 me
491 2428 560 2467 cum
585 2409 712 2469 Gabinio
737 2412 910 2469 sententiam
933 2411 1048 2469 dicere?
1076 2425 1106 2471 et

174 2509 278 2586 quidem
300 2509 381 2566 illum
404 2509 501 2583 rogari
523 2509 625 2583 prius?
647 2517 762 2584 praesto
783 2527 847 2567 esse
868 2510 1003 2568 clientem
1023 2521 1106 2568 tuum

174 2606 321 2665 Clodium?
363 2605 397 2664 C.
410 2607 486 2662 Ateii
498 2605 698 2681 Plaguleium?
739 2607 871 2665 ceteros?
914 2607 972 2665 Sed
988 2626 1038 2666 cur
1051 2609 1106 2664 ini·

172 2706 253 2764 inicos
275 2704 390 2779 colligo,
406 2704 456 2780 qui
476 2721 560 2761 meos
582 2703 761 2761 necessarios
784 2722 801 2760 a
822 2722 870 2761 me
892 2704 1028 2763 defensos
1050 2723 1106 2764 nec

172 2804 256 2861 videre
285 2803 316 2860 in
341 2802 420 2860 curia
445 2802 506 2860 sine
532 2801 632 2859 dolore
658 2819 714 2859 nec
736 2803 842 2859 versari
866 2803 938 2859 inter
962 2820 1014 2861 eos
1042 2805 1105 2863 sine

170 2902 303 2959 dedecore
323 2900 449 2976 potero?
470 2898 549 2973 quid,
570 2899 594 2956 si
612 2917 650 2956 ne
670 2899 699 2956 id
714 2899 833 2974 quidem
853 2910 897 2957 est
914 2900 1105 2974 exploratum,

169 2999 231 3068 lore,
245 3008 277 3057 ut
294 2997 365 3054 mihi
383 2997 636 3055 liceat—scribunt
655 2997 733 3053 enim
751 2996 788 3054 ad
809 3014 856 3055 me
873 2998 959 3054 amici
978 2998 1039 3056 eius
1058 3018 1106 3058 me

169 3097 201 3154 illi
221 3096 300 3154 nullo
320 3094 411 3153 modo
430 3094 624 3164 satisfecisse,
640 3093 721 3170 quod
740 3094 771 3150 in
791 3103 924 3152 senatum
943 3113 1004 3152 non
1021 3113 1106 3154 vene-

168 3195 265 3266 rim-‚
280 3205 419 3253 tamenne
434 3193 598 3251 dubitemus
615 3210 653 3248 an
670 3191 697 3248 ei
716 3209 772 3249 nos
790 3193 878 3250 etiam
897 3211 965 3250 cum
979 3193 1107 3268 periculo

166 3294 352 3361 venditemus
375 3291 493 3366 quicum
515 3289 664 3347 coniuncti
688 3307 726 3345 ne
749 3307 817 3346 cum
838 3291 967 3365 praemio
989 3291 1107 3366 quidem

166 3391 305 3450 voluimus
320 3391 406 3448 esse?
448 3409 476 3460 4.
499 3387 615 3445 Deinde
635 3386 692 3445 hoc
711 3386 785 3459 vide,
805 3404 867 3445 non
886 3405 951 3446 esse
970 3389 1108 3448 iudicium
