2392 3848
123 203 169 267 sp„
186 187 324 274 130‚13r.]
352 201 467 252 arrsr.
482 201 532 250 ab
544 200 770 251 bauzmarus
791 204 825 253 x.
842 207 894 273 27.
1002 205 1063 275 257

119 361 200 412 esset
216 352 318 424 futura,
337 353 441 412 vellem
460 362 558 411 tamen
576 371 660 412 meae
678 370 796 430 qnoque
816 352 992 412 auctoritatis
1010 370 1065 429 pro

120 448 254 527 plurimis
276 450 382 509 nostris
406 449 667 509 necessitudinibus
690 460 877 525 praeceptum
900 451 939 509 ad
963 459 991 509 te
1015 449 1065 507 ali·

122 547 205 624 quod
223 548 381 623 pervenire.
423 546 518 606 Crede
537 547 622 623 igitur
640 548 719 618 mihi,
734 547 848 619 Plance,
864 564 975 618 omnes,
992 564 1065 624 quos

122 643 219 704 adhuc
232 646 341 722 gradus
354 644 501 721 dignitatis
515 655 688 704 consecutus
707 645 818 703 sis-es
833 655 930 702 autem
944 644 1066 720 adeptus

121 743 367 820 amplissimos—,
396 761 448 802 eos
476 743 621 801 honorum
649 742 790 801 vocabula
819 742 977 811 habituros,
1005 759 1067 799 non

122 840 270 916 dignitatis
290 840 423 918 insignia,
444 841 499 898 nisi
519 850 548 899 te
570 858 638 899 cum
660 839 788 898 libertate
812 840 913 916 populi
937 839 1066 897 Romani

123 949 155 998 et
181 957 250 997 cum
277 950 393 996 senatus
426 938 593 997 auctoritate
624 938 816 997 coniunxeris.
870 937 997 1013 Seiunge
1028 948 1066 1006 te,

122 1053 245 1114 quaeso,
259 1035 414 1111 aliquando
436 1037 474 1093 ab
495 1036 537 1106 iis,
552 1053 621 1093 cum
641 1036 745 1110 quibus
765 1044 794 1094 te
813 1052 874 1093 non
893 1045 975 1092 tuum
993 1034 1066 1092 iudi-

123 1135 213 1205 cium,
227 1132 278 1192 sed
297 1143 462 1215 temporum
476 1133 568 1190 vincla
583 1133 802 1191 coniunxerunt.
845 1151 872 1206 3.
894 1130 1068 1207 Complures

124 1234 157 1292 in
185 1232 398 1308 perturbatione
420 1231 462 1289 rei
489 1230 621 1305 publicae
645 1231 812 1289 consulares
841 1229 918 1300 dicti,
943 1247 1068 1305 quorum

125 1347 216 1389 nemo
230 1328 388 1387 consularis
403 1327 516 1386 habitus
530 1334 571 1384 est
586 1328 640 1385 nisi
655 1328 703 1402 qui
724 1328 822 1386 animo
837 1328 944 1386 exstitit
963 1328 993 1384 in
1006 1344 1068 1384 rem

125 1426 273 1504 publicam
297 1426 448 1485 consulari.
490 1425 595 1484 Talem
622 1425 708 1500 igitur
730 1435 759 1482 te
783 1442 846 1483 esse
870 1433 994 1500 oportet,
1020 1423 1069 1500 qui

125 1521 253 1599 primum
286 1531 314 1581 te
345 1524 382 1581 ab
415 1523 571 1598 impiorum
603 1521 707 1578 civium
742 1521 782 1579 tui
814 1519 1070 1579 dissimillimorum

124 1621 265 1679 societate
287 1622 432 1696 seiungas‚
453 1619 558 1678 deinde
579 1628 608 1677 te
629 1619 740 1676 senatui
766 1620 911 1694 bonisque
933 1618 1069 1676 omnibus

127 1725 286 1789 auctorem,
314 1718 485 1795 principem,
513 1718 619 1775 ducem
653 1717 803 1791 praebeas,
831 1726 979 1792 postremo
1012 1712 1069 1795 [ut]

127 1834 233 1893 pacem
251 1835 316 1876 esse
334 1818 444 1875 iudices
463 1835 525 1875 non
545 1817 576 1875 in
595 1817 683 1873 armis
704 1816 814 1891 positis,
836 1816 889 1873 sed
907 1816 939 1872 in
957 1814 1071 1873 abiecto

128 1933 278 1975 armorum
293 1925 323 1974 et
340 1915 480 1974 servitutis
500 1923 588 1973 metu.
631 1913 715 1972 Haec
734 1914 757 1972 si
777 1923 805 1971 et
824 1931 894 1990 ages
912 1923 941 1970 et
955 1912 1071 1980 senties,

128 2025 192 2073 tum
214 2013 270 2071 eris
293 2030 354 2070 non
382 2013 472 2070 modo
498 2012 600 2069 consul
624 2021 653 2068 et
681 2010 848 2080 consularis,
872 2009 923 2068 sed
947 2026 1072 2084 magnus

127 2111 218 2170 etiam
239 2110 340 2169 consul
363 2119 392 2168 et
416 2110 592 2179 consularis3
622 2110 666 2166 sin
687 2108 775 2179 aliter,
797 2117 859 2166 tum
879 2109 909 2165 in
930 2107 991 2164 istis
1012 2124 1073 2163 arn·

129 2207 267 2285 plissimis
288 2209 455 2266 nominibus
477 2207 623 2265 honorum
644 2223 704 2263 non
729 2205 820 2264 modo
841 2205 966 2280 dignitas
996 2204 1074 2263 nulla

130 2304 192 2376 erit,
206 2305 260 2365 sed
273 2306 326 2363 erit
343 2323 458 2363 summa
472 2303 646 2362 deformitas.
689 2302 774 2364 Haec
788 2302 929 2378 impulsus
947 2302 1074 2360 benevo-

124 2401 221 2463 lentia
240 2403 341 2478 scripsi
362 2402 449 2477 paulo
471 2402 604 2473 severius,
626 2418 701 2476 quae
726 2410 757 2457 tu
783 2400 814 2457 in
838 2397 1015 2474 experiendo
1039 2415 1075 2456 ea

130 2498 252 2570 ratione,
267 2517 341 2574 quae
361 2509 389 2557 te
404 2499 493 2574 digna
512 2507 565 2568 est,
580 2516 647 2556 vera
665 2515 728 2557 esse
749 2514 921 2573 cognosces.
961 2494 999 2556 D.
1014 2513 1074 2557 xus.

131 2595 200 2656 Kal.
214 2596 286 2674 Apr.

323 2756 392 2843 13¹1
430 2750 489 2810 Au
511 2749 762 2809 ranimirus
784 2747 822 2808 x.
845 2761 892 2826 η.

278 2865 343 2926 Son.
367 2864 476 2925 Rouns
495 2884 589 2925 urrisu
610 2864 734 2925 Manno
754 2881 838 2924 auc.
861 2876 930 2938 711.

451 2987 554 3031 crcuno
575 2989 679 3031 uurmo
700 2988 761 3031 sur.

180 3104 206 3146 1.
228 3085 318 3158 Quor>
345 3084 415 3142 mihi
442 3103 497 3160 pro
521 3103 635 3143 summa
656 3104 713 3142 mea
738 3103 808 3160 erga
828 3093 856 3143 te
876 3081 1077 3142 benevolentia

135 3201 262 3259 magnae
290 3200 374 3241 curae
403 3194 455 3253 est,
482 3192 515 3241 ut
542 3201 630 3258 quam
657 3181 835 3257 amplissima
861 3180 1000 3256 dignitate
1028 3182 1075 3250 sis,

136 3282 260 3342 moleste
281 3279 332 3337 tuli
354 3289 381 3336 te
403 3280 514 3338 senatui
535 3281 641 3355 gratias
660 3297 722 3337 non
743 3279 845 3354 egisse,
861 3296 928 3336 cum
945 3296 1026 3337 esses
1039 3280 1077 3337 ab

136 3399 175 3441 eo
195 3377 296 3438 ordine
318 3386 436 3438 ornatus
457 3378 577 3438 summis
598 3377 764 3439 honoribus.
806 3376 890 3438 Pacis
910 3376 983 3437 iuter
1001 3378 1077 3437 cives

601 3492 616 3534 s
