2498 3840
147 173 210 255 256
403 184 443 233 M.
468 183 588 232 rurrrr
608 184 796 233 crcauours
974 169 1042 255 [rm
1062 184 1092 235 v,

148 341 254 400 deinde
270 342 319 419 qui
334 351 362 399 et
376 359 423 399 me
438 352 467 399 et
485 360 547 399 rem
566 341 711 416 publicam
725 340 869 400 vindicare
888 341 919 398 in
933 340 1094 399 libertatern

148 449 264 516 paratus
286 440 350 496 sim.
394 441 420 496 6.
444 438 535 509 Quod
554 438 722 496 familiarem
742 456 840 496 meum
855 439 884 496 in
903 449 1021 496 tuorum
1039 456 1094 496 nu-

147 554 230 594 mero
252 537 351 606 habes,
375 536 513 611 opinione
538 546 587 594 tua
606 535 676 592 mihi
697 536 805 610 gratius
826 546 886 608 est;
916 536 1034 594 invideo
1055 536 1094 594 illi

148 646 254 704 tamen,
270 634 349 709 quod
368 634 497 691 ambulat
515 644 543 691 et
562 634 671 691 iocatur
689 644 794 693 tecum.
837 633 979 706 Quaeres,
995 633 1096 711 quanti

148 733 181 790 id
200 733 369 790 aestimem?
412 731 443 789 Si
470 749 610 808 umquam
634 732 744 790 licuerit
767 733 860 790 vivere
888 733 919 790 in
946 732 1019 802 otio,
1044 749 1096 789 ex·

148 831 265 908 perieris
275 849 282 900 ;
304 829 416 887 nullum
433 831 511 886 enim
531 829 683 905 vestigium
702 832 754 888 abs
774 840 802 888 te
821 831 1003 889 discessurus
1020 846 1095 888 sum.

149 928 225 987 Illud
236 928 419 985 vehementer
433 926 567 997 admiror,
579 945 640 985 non
654 928 802 1003 scripsisse
816 939 843 986 te
855 929 934 998 mihi,
945 926 1095 986 manendo

149 1029 179 1086 in
193 1026 341 1101 provincia
355 1044 393 1083 an
408 1024 544 1082 ducendo
559 1025 715 1084 exercitum
729 1026 758 1082 in
773 1025 886 1085 Italiam
901 1027 942 1085 rei
960 1026 1095 1102 publicae

148 1124 243 1199 magis
264 1123 332 1181 satis
353 1122 448 1181 facere
469 1122 597 1197 possim:
619 1141 675 1197 ego
696 1124 823 1200 quidem,
839 1126 891 1182 etsi
913 1123 984 1181 mihi
1006 1124 1097 1181 tutius

149 1241 183 1282 ac
204 1222 300 1279 minus
321 1220 496 1278 laboriosum
518 1231 562 1278 est
583 1238 708 1291 manere,
728 1232 833 1293 tamen,
849 1223 918 1298 quia
938 1221 1025 1280 video
1046 1220 1096 1279 tali

149 1331 281 1394 ternpore
304 1318 395 1375 multo
420 1318 512 1392 magis
536 1319 698 1394 legionibus
723 1314 798 1394 opus
824 1338 887 1378 esse
912 1337 1003 1395 quam
1026 1336 1097 1396 pro·

150 1417 257 1486 vinciis,
277 1433 351 1491 quae
370 1416 538 1491 praesertim
560 1416 710 1492 reciperari
730 1417 809 1475 nullo
830 1418 950 1492 negotio
970 1418 1096 1493 possint,

151 1514 294 1584 constitui,
317 1524 348 1572 ut
369 1533 447 1573 nunc
468 1526 520 1586 est,
543 1534 610 1573 curn
630 1516 756 1573 exercitu
782 1515 936 1590 proficisci.
978 1514 1097 1574 Deinde

151 1632 187 1671 ex
211 1613 317 1683 litteris,
344 1630 417 1687 quas
446 1612 557 1671 Pansae
585 1613 658 1682 misi,
684 1631 845 1688 cognosces
874 1613 992 1683 omnia;
1024 1630 1097 1671 nam

151 1713 202 1772 tibi
217 1731 316 1770 earum
332 1712 480 1787 exemplar
493 1712 566 1771 misi
608 1731 675 1770 xvu.
692 1712 757 1771 Kal.
773 1713 863 1788 April.
880 1711 1027 1772 Corduba

353 1856 418 1911 130.
461 1849 518 1908 AD
539 1850 790 1910 FAMILIARES
812 1853 849 1911 X.
872 1855 899 1912 6.

269 1965 335 2028 Sca.
358 1966 466 2024 Rounn
480 1984 540 2025 xm.
562 1965 639 2023 Kun.
656 1965 782 2024 Arruns
803 1985 886 2027 auc.
908 1978 978 2041 711.

504 2091 606 2134 cronno
626 2091 744 2132 arluco.

199 2200 223 2240 1.
245 2180 333 2252 Quin
355 2180 468 2239 locutus
490 2191 533 2238 est
553 2179 677 2239 Furnius
698 2190 795 2238 noster
817 2180 854 2238 de
874 2181 972 2239 auimo
994 2192 1046 2243 tuo
1067 2184 1099 2245 in

155 2279 392 2355 rempublicam,
415 2297 449 2337 ea
469 2279 631 2354 gratissima
658 2278 773 2337 fuerunt
795 2281 906 2338 senatui
926 2282 1098 2358 populoque

158 2379 293 2436 Romano
309 2377 529 2452 probatissima;
551 2395 625 2453 quae
639 2387 735 2434 autem
749 2379 882 2436 recitatae
900 2377 1011 2437 litterae
1030 2392 1099 2439 sunt

157 2480 187 2536 in
216 2485 319 2532 senatu
347 2492 533 2549 nequaquam
560 2477 721 2533 consentire
750 2494 816 2534 curn
844 2476 942 2534 Fumii
966 2479 1099 2537 oratione

157 2575 233 2632 visae
256 2581 339 2630 sunt:
370 2573 451 2647 pacis
472 2573 550 2631 enim
575 2583 770 2643 auctoretas,
794 2592 860 2632 curn
884 2574 997 2649 collega
1022 2586 1098 2645 tuus,

156 2674 197 2730 vir
219 2671 403 2739 clarissimus
425 2689 442 2728 a
461 2669 633 2728 foedissimis
657 2671 814 2731 latronibus
835 2671 1024 2743 obsideretur,
1047 2674 1098 2750 qui

155 2782 205 2830 aut
221 2768 322 2845 positis
344 2769 431 2826 armis
448 2786 552 2843 pacem
570 2780 667 2844 petere
689 2770 795 2827 debent
814 2781 871 2841 aut,
888 2770 912 2827 si
931 2783 1099 2846 pugnantes

158 2888 222 2928 eam
243 2866 399 2942 postulant,
418 2866 534 2925 victoria
555 2886 622 2943 pax,
643 2886 703 2925 non
724 2868 860 2943 pactione
882 2869 1023 2943 parienda
1043 2881 1097 2933 est.

158 2966 216 3026 Sed
231 2966 266 3024 de
282 2983 355 3040 pace
369 2964 478 3022 litterae
492 2965 536 3023 vel
556 2965 658 3040 Lepidi
677 2965 721 3022 vel
740 2975 805 3022 tuae
825 2983 913 3041 quarn
932 2966 963 3022 in
983 2980 1097 3041 partem

156 3075 293 3139 acceptae
313 3065 375 3133 sint,
392 3082 428 3121 ex
442 3064 502 3122 viro
520 3065 641 3139 optimo,
657 3064 741 3121 fratre
760 3073 819 3134 tuo,
834 3074 863 3121 et
881 3082 917 3120 ex
937 3062 972 3122 C.
986 3064 1097 3127 Furnio

156 3163 264 3238 poteris
284 3180 471 3238 cognoscere.
515 3181 540 3220 2.
563 3162 613 3220 Me
635 3174 731 3220 autem
748 3161 860 3236 iinpulit
878 3162 919 3219 tui
933 3164 1038 3223 caritas
1056 3178 1098 3237 ut,

157 3278 335 3335 quamquam
365 3278 419 3318 nec
450 3260 501 3317 tibi
531 3260 586 3335 ipsi
617 3259 768 3317 consilium
798 3258 911 3318 deesset
942 3271 972 3318 et
1005 3261 1098 3325 fratris

156 3357 312 3433 Furniique
337 3357 537 3417 benevolentia
558 3357 705 3436 fidelisque
728 3359 880 3437 prudentia
904 3359 954 3416 tibi
978 3373 1097 3436 praesto
