2498 3840
149 217 210 285 132
323 214 338 254 τ
425 209 464 260 rr.
490 207 608 260 nurrrr
629 205 818 258 ororrours
960 196 1031 281 [ran
1046 208 1093 258 ur.

147 377 352 429 convenerunt.
397 387 423 427 a.
445 367 513 441 Qua
527 386 557 427 re
573 368 610 427 da
623 385 751 444 operam,
766 367 791 426 si
804 366 862 427 ulla
876 366 989 426 ratione
1003 367 1092 425 etiam

147 485 225 525 nunc
249 466 361 524 efficere
384 476 477 541 potes,
501 476 532 524 ut
556 475 585 525 te
609 466 745 542 explices,
770 464 827 524 huc
850 482 940 541 quam
964 464 1093 541 primum

147 565 254 634 venias,
269 574 336 622 ante
354 582 443 639 quam
464 582 567 623 omnes
589 565 691 640 copiae
712 563 752 621 ad
769 562 964 621 adversarium
985 580 1094 621 conve·

147 661 246 733 niant;
277 680 371 736 neque
395 662 473 719 enim
496 661 624 720 celeriter
645 679 682 720 ex
705 660 854 719 dilectibus
874 659 932 719 buc
956 660 1093 719 homines

148 759 300 816 convenire
320 769 452 835 possunt,
474 769 511 829 et,
534 760 559 818 si
579 760 773 828 convenirent,
793 767 935 833 quantum
955 758 991 818 iis
1012 775 1095 817 com-

147 855 319 914 mittendum
343 857 385 926 sit,
408 856 458 932 qui
480 857 554 915 inter
574 874 607 920 se
628 874 665 914 ne
686 857 748 914 noti
768 857 873 930 qualem
893 865 970 927 suut,
993 866 1095 914 contra

147 963 296 1014 veteranas
309 953 440 1028 legiones
455 971 516 1012 non
529 961 558 1011 te
572 952 714 1029 praeterit.

324 1114 372 1171 52.
413 1108 472 1168 AD
492 1108 745 1168 FAMILIARES
767 1108 849 1168 XVI.
874 1126 921 1168 12.

238 1222 303 1284 Scri.
326 1223 447 1283 enum
467 1242 506 1283 rv.
527 1222 606 1282 Kar.
627 1222 812 1281 Fusnnnnrns
833 1240 916 1283 nuc.
939 1235 1008 1298 705.

411 1347 535 1390 ruamus
555 1347 578 1389 s
599 1348 627 1389 n.
648 1347 749 1391 ‘rmorn
770 1347 833 1388 suo.

193 1463 218 1504 1.
240 1443 309 1517 Quo
329 1444 360 1502 in
381 1444 545 1503 discrimine
565 1453 693 1501 versetur
713 1443 790 1502 salus
812 1462 877 1504 mea
897 1455 928 1504 et
946 1445 1095 1503 bonorum

150 1544 281 1603 omnium
300 1553 386 1618 atque
406 1543 555 1601 universae
576 1541 616 1600 rei
634 1542 774 1618 publicae,
789 1561 826 1600 ex
847 1560 883 1600 eo
904 1542 978 1600 scire
999 1553 1093 1618 potes,

150 1642 230 1717 quod
245 1640 350 1699 domos
363 1649 477 1699 nostras
496 1649 525 1699 et
541 1640 663 1715 patriam
677 1641 771 1715 ipsam
785 1639 829 1697 vel
844 1639 1037 1715 diripiendam
1050 1641 1096 1699 vel

150 1739 389 1797 inflammandam
417 1738 602 1815 reliquimus:
635 1738 666 1796 in
690 1756 757 1795 eum
781 1737 878 1796 locum
900 1756 948 1797 res
970 1738 1097 1798 deducta

151 1845 203 1903 est,
217 1845 257 1908 ut,
271 1836 326 1894 nisi
340 1837 389 1912 qui
404 1836 475 1895 deus
488 1837 533 1895 vel
546 1854 630 1895 casus
649 1836 735 1912 aliqui
756 1835 927 1907 subvenerit,
943 1836 1013 1895 salvi
1030 1855 1097 1896 esse

152 1951 339 2009 nequeamus.
383 1953 408 1992 2.
430 1933 584 2010 Equidem,
601 1944 633 1992 ut
651 1935 717 1992 veni
736 1933 774 1991 ad
792 1933 901 2004 urbem,
917 1951 979 1992 non
1001 1935 1097 1996 destiti

152 2033 251 2090 omnia
265 2041 294 2090 et
308 2032 411 2090 sentire
426 2041 455 2090 et
472 2032 567 2090 dicere
587 2041 615 2090 et
636 2030 739 2101 lacere,
754 2047 828 2107 quae
848 2030 886 2088 ad
906 2034 1097 2093 concordiam

153 2130 328 2206 pertinerent
340 2147 349 2201 ;
372 2129 424 2187 sed
438 2130 527 2187 mirus
541 2131 683 2187 invaserat
698 2127 777 2186 furor
790 2146 851 2186 non
871 2128 967 2186 solum
988 2132 1098 2207 impro-

153 2227 207 2296 bis,
223 2226 275 2284 sed
290 2227 376 2284 etiam
390 2226 424 2284 iis
438 2227 488 2302 qui
504 2226 574 2283 boni
588 2225 730 2283 habentur
746 2235 778 2283 ut
797 2243 928 2302 pugnare
947 2240 1098 2302 cuperent,

154 2341 202 2382 me
217 2322 358 2381 clamante
372 2323 442 2381 nihil
456 2341 520 2381 esse
539 2323 616 2381 bello
636 2322 709 2380 civili
727 2323 867 2380 miserius.
911 2321 1014 2399 Itaque
1028 2343 1098 2384 cum

155 2420 264 2481 Caesar
292 2421 417 2479 amentia
444 2420 571 2496 quadam
597 2429 744 2496 raperetur
771 2428 799 2478 et
833 2420 939 2478 oblitus
970 2423 1098 2482 nominis

155 2529 241 2594 atque
262 2518 406 2576 honorum
427 2536 546 2577 suorum
567 2518 737 2587 Ariminum,
758 2516 917 2588 Pisaurum,
931 2518 1098 2592 Anconam,

155 2617 301 2677 Arretium
322 2618 527 2692 occupavisset,
547 2617 647 2674 urbem
668 2615 851 2691 reliquimus;
873 2633 962 2691 quam
984 2619 1099 2694 sapien·

154 2725 198 2775 ter
213 2724 262 2772 aut
276 2732 364 2791 quam
378 2714 495 2785 sortiter,
515 2715 585 2773 nibil
606 2713 705 2771 attinet
725 2713 883 2789 disputari;
904 2731 964 2789 quo
978 2716 1099 2789 quidem

155 2814 185 2873 in
202 2831 272 2872 casu
291 2814 390 2884 simus,
406 2813 494 2872 vides.
537 2832 564 2887 3.
607 2811 749 2869 Femntur
769 2811 889 2869 omnino
909 2812 1099 2875 condiciones

155 2911 192 2969 ab
206 2911 262 2979 illo,
276 2920 309 2970 ut
323 2909 481 2986 Pompeius
499 2920 546 2968 eat
560 2911 590 2968 in
605 2909 797 2985 Hispaniam;
819 2908 948 2979 dilectus,
964 2912 1014 2986 qui
1032 2923 1100 2972 sunt

155 3009 253 3078 habiti,
281 3017 310 3066 et
337 3009 482 3084 praesidia
511 3018 611 3067 nostra
646 3008 839 3081 dimittantur;
875 3025 906 3065 se
934 3007 1100 3069 ulteriorem

156 3105 281 3167 Galliam
313 3105 452 3178 Domitio,
485 3106 644 3164 citeriorem
680 3105 820 3165 Considio
856 3104 1101 3166 Noniano-his

157 3205 235 3263 enim
256 3203 652 3281 obtigerunt—traditurum
684 3204 723 3262 ad
742 3204 908 3263 consulatus
929 3205 1101 3280 petitionem

157 3319 189 3360 se
209 3313 369 3376 venturum,
384 3321 478 3379 neque
492 3320 523 3360 se
542 3302 600 3360 iam
613 3301 685 3360 velle
703 3302 823 3360 absente
842 3319 873 3359 se
892 3302 1035 3360 rationem
1048 3302 1102 3361 ba·

157 3400 218 3460 beri
237 3417 336 3474 suam3
368 3419 400 3462 se
421 3410 604 3479 praesentem
623 3399 729 3458 trinum
750 3398 912 3458 nundinum
934 3400 1101 3478 petiturum.
