2498 3840
122 228 163 296 34
349 267 352 273 ,
391 224 429 277 M.
450 224 574 273 vTrrrrrr
591 223 779 274 cremorem
960 209 1031 292 [Pars
1042 223 1062 271 1.

120 392 226 451 rentur,
248 382 277 438 in
299 399 334 439 eo
360 380 520 458 principem
541 381 662 443 Paulum
682 381 779 450 inisse,
801 397 888 457 quem
910 380 1063 438 constabat

121 497 157 536 eo
172 489 301 555 tempore
314 480 344 536 in
359 478 534 537 Macedonia
547 479 643 540 luisse.
668 480 670 485 '
684 479 731 537 Fit
750 471 868 536 senatus
887 476 1062 546 consultum,

122 586 153 635 ut
174 576 294 646 Vettius,
317 577 397 651 quod
418 577 570 635 confessus
591 586 668 635 esset
689 593 720 634 se
742 593 808 632 cum
829 574 886 632 telo
910 573 1009 644 luisse,
1033 575 1064 630 in

122 673 236 730 vincula
255 675 458 746 conficeretur-3
479 674 529 749 qui
543 692 610 732 eum
625 674 776 744 emisisset,
794 690 861 730 eum
880 682 983 729 contra
1003 688 1065 728 rem

122 772 267 850 publicam
292 790 355 829 esse
377 771 528 830 iacturum.
572 770 632 829 Res
657 780 716 829 erat
740 771 771 827 in
799 787 834 827 ea
861 769 1009 845 opinione,
1034 777 1066 825 ut

122 878 257 946 putarent
275 869 304 926 id
321 887 385 927 esse
403 879 508 939 actum,
528 880 559 926 ut
574 869 688 927 Vettius
709 869 740 924 in
761 868 826 925 soro
847 885 915 925 cum
936 867 1066 942 pugione

124 977 153 1025 et
173 968 242 1024 item
265 966 337 1024 servi
359 967 427 1023 eius
443 966 757 1041 comprehenderentur
778 982 846 1022 cum
866 964 940 1034 telis,
961 963 1066 1021 deinde

124 1065 170 1122 ille
196 1082 226 1122 se
250 1064 357 1121 diceret
381 1063 580 1133 iudicaturum,
606 1064 692 1139 idque
714 1063 754 1120 ita
775 1062 883 1120 sactum
903 1070 988 1129 esset,
1011 1060 1067 1118 nisi

125 1161 267 1221 Curiones
297 1179 359 1218 rem
388 1173 454 1219 ante
489 1161 526 1219 ad
560 1160 735 1236 Pompeium
765 1159 942 1218 detulissent.
986 1159 1066 1216 Tum

125 1269 240 1318 senatus
263 1259 426 1316 consultum
454 1261 484 1317 in
508 1260 644 1317 contione
672 1259 822 1316 recitatum
849 1266 901 1316 est.
943 1256 1067 1315 Postero

125 1366 222 1414 autem
246 1357 291 1414 die
317 1355 433 1427 Caesar,
456 1357 489 1427 is,
515 1357 563 1431 qui
589 1356 666 1426 olim,
691 1365 807 1432 praetor
831 1373 897 1412 cum
921 1363 1008 1424 esset,
1029 1352 1067 1424 Q.

127 1453 262 1512 Catulum
289 1473 325 1511 ex
353 1453 486 1512 inferiore
515 1453 581 1511 loco
606 1453 726 1511 iusserat
755 1452 860 1522 dicere,
882 1451 1014 1509 Vettium
1038 1451 1068 1508 in

126 1562 217 1609 rostra
233 1551 368 1626 produxit
385 1568 509 1627 eumque
527 1551 557 1606 iu
576 1568 612 1608 eo
631 1552 697 1608 loco
715 1550 872 1620 constituit,
887 1567 948 1624 quo
962 1549 1068 1607 Bibulo

127 1649 238 1708 consuli
256 1649 381 1724 aspirare
400 1666 461 1706 non
475 1648 580 1705 liceret.
623 1648 681 1705 Hic
696 1648 742 1705 ille
757 1648 865 1718 omnia,
880 1665 956 1722 quae
970 1646 1068 1717 voluit,

128 1750 164 1807 de
190 1767 221 1805 re
250 1748 365 1824 publiea
393 1748 472 1816 dixit,
504 1755 536 1804 ut
564 1747 613 1822 qui
643 1747 709 1804 illuc
737 1745 830 1804 factus
863 1746 1069 1821 institutusque

127 1846 257 1904 venisset.
298 1844 427 1902 Primum
448 1843 626 1919 Caepionem
649 1844 685 1901 de
706 1844 838 1902 oratione
867 1861 918 1902 sua
947 1843 1068 1913 sustulit,

128 1963 215 2022 quem
228 1945 258 2001 in
272 1953 373 2001 senatu
387 1942 523 2001 acerrime
539 1943 710 2010 nominarat,
731 1954 764 2000 ut
780 1950 932 2017 appareret
951 1952 1070 1999 noctem

128 2055 157 2102 et
176 2052 348 2100 nocturnam
370 2042 603 2117 deprecationem
624 2041 836 2112 intercessisse;
859 2039 974 2110 deinde,
994 2057 1071 2115 quos

128 2143 158 2199 in
180 2149 281 2198 senatu
299 2157 336 2196 ne
354 2139 523 2196 tenuissima
540 2137 658 2213 quidem
678 2138 839 2212 suspitione
856 2137 998 2212 attigerat,
1019 2153 1071 2196 eos

129 2236 303 2297 nominavit:
332 2236 492 2307 Lucullum,
517 2254 534 2295 a
558 2254 616 2312 quo
642 2237 759 2294 solitum
786 2255 850 2295 esse
875 2236 912 2295 ad
937 2254 969 2295 se
997 2236 1072 2294 mitti

129 2334 164 2393 C.
184 2334 336 2404 Fannium,
358 2334 445 2405 illum,
467 2335 566 2409 quiin
588 2334 619 2392 Ρ.
640 2333 778 2392 Clodium
799 2335 1015 2410 subscripserat,
1036 2334 1070 2392 L

129 2432 299 2506 Domitium,
314 2432 394 2489 cuius
410 2433 531 2490 domum
547 2433 733 2490 constitutam
753 2432 849 2503 fuisse,
863 2432 943 2490 unde
958 2435 1072 2509 eruptio

130 2530 227 2600 fieret;
250 2546 373 2586 menon
387 2529 554 2597 nominavit,
566 2530 616 2587 sed
634 2529 704 2587 dixit
724 2530 906 2588 consularem
924 2530 1071 2602 disertum,

129 2627 255 2686 vicinum
272 2626 406 2696 consulis,
430 2627 483 2684 sibi
509 2627 615 2684 dixisse
632 2627 756 2704 Ahalam
779 2625 930 2685 Servilium
947 2627 1073 2703 aliquem

131 2737 180 2784 aut
203 2722 324 2780 Brutum
346 2741 421 2799 opus
445 2741 509 2781 esse
537 2723 670 2797 reperiri;
704 2707 835 2781 addidit..
836 2723 874 2781 ad
900 2734 1073 2796 extremum,

97 2816 103 2833 “
132 2841 199 2882 cum
216 2822 273 2879 iam
291 2820 409 2878 dimissa
427 2821 562 2878 contione
581 2828 732 2878 revocatus
751 2820 899 2878 aVatinio
917 2820 1027 2892 luisset,
1042 2838 1074 2879 se

132 2920 246 2979 audisse
265 2938 283 2977 a
302 2917 429 2975 Curione
448 2918 493 2974 his
512 2917 548 2974 de
568 2918 654 2975 rebus
676 2917 826 2975 conscium
848 2936 912 2976 esse
927 2917 1074 2989 Pisonem,

131 3034 271 3094 generum
292 3034 399 3084 meum,
421 3025 449 3072 et
470 3013 511 3073 M.
533 3013 729 3072 Laterensem.
773 3033 800 3085 4.
823 3014 911 3072 Nunc
928 3032 995 3073 reus
1014 3024 1075 3074 erat

132 3114 210 3190 apud
225 3112 363 3172 Crassum
382 3111 507 3169 Divitem
522 3111 636 3169 Vettius
658 3110 694 3169 de
710 3112 737 3167 vi
755 3121 792 3177 et,
812 3129 880 3169 cum
895 3122 972 3169 esset
993 3112 1075 3171 dam·

131 3217 224 3276 natus,
249 3217 309 3264 erat
337 3206 474 3264 indicium
498 3205 693 3281 postulaturus
704 3223 712 3276 ;
736 3205 816 3280 quod
839 3205 863 3262 si
884 3205 1075 3280 impetrasset,

131 3305 237 3362 iudicia
264 3305 325 3363 fore
353 3304 539 3365 videbantur:
570 3321 605 3362 ea
630 3320 693 3371 nos,
715 3311 816 3377 utpote
838 3302 888 3379 qui
911 3301 982 3360 nihil
1003 3320 1075 3362 conv

130 3411 259 3466 temnere
277 3402 429 3474 soleamus,
448 3420 502 3461 non
522 3399 758 3474 contemnebamus,
777 3401 825 3458 sed
843 3417 904 3458 non
924 3400 1075 3478 pertimes-
