2498 3840
151 216 213 286 134
426 210 466 262 M.
491 210 611 261 rurrrr
632 211 818 262 orcraoms
961 201 1030 286 [rm
1044 214 1089 268 111.

145 384 210 429 non
224 369 352 446 potuisti,
367 387 427 446 quo
445 386 501 444 ego
520 369 648 428 maxime
668 387 788 446 operam
806 377 835 428 et
855 366 1022 428 fidelitatem
1041 369 1090 430 de·

149 468 270 526 sideravi
291 477 380 538 tumn,
395 485 465 526 cave
486 467 605 526 festines
626 477 675 525 aut
696 467 869 537 committas,
883 476 915 525 ut
935 476 986 526 aut
1004 486 1092 546 aeger

148 574 198 624 aut
217 564 313 623 hieme
333 565 470 639 naviges:
491 581 652 640 numquam
672 581 737 623 sero
756 572 786 622 te
803 563 915 622 venisse
936 567 1056 640 putabo,
1068 568 1092 626 si

147 661 242 721 salvus
256 662 378 720 veneris.
420 661 526 720 Adhuc
546 661 694 720 neminem
714 662 851 732 videram,
869 661 919 737 qui
939 671 969 720 te
989 673 1094 739 postea

147 759 264 817 vidisset
289 776 376 833 quam
397 756 440 818 M.
461 758 608 830 Volusius,
632 776 651 817 a
675 777 734 834 quo
756 768 821 818 tuas
843 759 950 818 litteras
975 764 1092 838 accepi:

147 855 229 931 quod
242 873 303 913 non
317 855 460 928 mirabar3
480 856 669 931 nequeenim
685 874 767 915 meas
786 866 857 934 puto
876 856 916 915 ad
935 866 964 916 te
984 857 1093 919 litteras

147 962 228 1012 tanta
251 951 346 1011 hieme
367 951 495 1028 perferri.
537 952 597 1012 Sed
621 953 659 1011 da
680 972 809 1029 operam,
832 963 864 1014 ut
886 954 983 1014 valeas
1005 965 1043 1026 et,
1068 956 1094 1015 si

146 1050 264 1121 valebiS,
278 1068 346 1108 cum
367 1059 444 1108 recte
465 1049 591 1125 navigari
608 1051 722 1126 poterit,
736 1061 799 1109 turn
819 1053 946 1127 naviges.
988 1051 1094 1112 Cicero

147 1165 231 1206 meus
244 1147 274 1205 in
288 1147 444 1206 Formiano
460 1157 527 1216 erat,
539 1146 677 1206 Terentia
690 1158 720 1207 et
730 1148 827 1207 Tullia
837 1147 963 1210 Romae.
1004 1147 1094 1221 Cura,

145 1253 180 1302 ut
193 1242 297 1302 valeas.
337 1262 390 1304 1111.
410 1243 450 1303 K.
470 1244 605 1304 Februar.
627 1243 739 1321 Capua.

324 1435 373 1493 ea.
412 1432 470 1492 An
490 1433 744 1495 summanus
766 1434 848 1498 xvn
873 1447 920 1512 15.

378 1607 380 1612 ,
468 1546 535 1608 Sca.
551 1567 628 1608 nuno
645 1568 780 1611 uvcnnro

451 1671 576 1714 ruimus
602 1673 703 1714 rmorvr
730 1673 792 1717 sur.

191 1785 216 1827 1.
238 1768 379 1828 Anorrrn
399 1767 437 1827 ad
458 1787 506 1828 me
526 1769 604 1828 venit
623 1788 667 1847 pr.
688 1770 759 1830 Idus
779 1770 849 1847 Apr.
892 1769 924 1830 Is
946 1771 1001 1831 etsi
1021 1772 1095 1832 mihi

148 1867 289 1925 nuntiavit
316 1876 344 1924 te
372 1865 458 1942 plane
483 1865 555 1924 febri
579 1884 675 1925 carere
700 1876 728 1925 et
752 1867 826 1926 belle
848 1867 963 1940 habere,
985 1879 1094 1939 tamen,

147 1962 228 2037 quod
255 1963 372 2038 negavit
398 1972 427 2020 te
451 1963 581 2040 potuisse
609 1963 646 2022 ad
670 1982 719 2021 me
742 1965 875 2036 scribere,
898 1983 999 2025 curam
1021 1966 1095 2024 mihi

148 2059 247 2129 attulit,
262 2068 290 2117 et
304 2077 340 2117 eo
355 2060 458 2136 magis,
470 2059 550 2135 quod
565 2058 694 2129 Hermia,
710 2078 797 2136 quem
812 2061 917 2121 eodem
933 2062 981 2121 die
995 2064 1095 2121 venire

147 2166 322 2232 oportuerat,
337 2175 398 2215 non
418 2165 543 2216 venerat.
585 2156 750 2214 Incredibili
768 2175 832 2215 sum
848 2158 1040 2218 sollicitudine
1056 2160 1096 2219 de

146 2262 197 2311 tua
219 2253 390 2325 valetudine,
412 2273 470 2331 qua
494 2254 518 2312 si
542 2272 590 2311 me
615 2253 751 2325 liberaris,
777 2272 833 2330 ego
859 2265 887 2313 te
915 2257 996 2314 omni
1024 2274 1096 2317 cura

147 2350 284 2409 liberabo
325 2349 411 2409 Plura
438 2352 602 2421 scriberem,
626 2351 729 2409 silam
753 2362 885 2427 putarem
909 2352 1044 2412 lubenter
1066 2363 1096 2413 te

147 2445 242 2521 legere
263 2464 360 2522 posse.
403 2446 558 2523 Ingenium
578 2457 668 2516 tuum,
688 2448 769 2523 quod
790 2466 846 2524 ego
868 2451 987 2508 maximi
1007 2449 1095 2524 facio,

148 2544 247 2602 confer
262 2544 299 2602 ad
312 2553 341 2602 te
360 2544 431 2602 mihi
450 2545 559 2620 tibique
578 2544 818 2602 conservandum.
860 2543 940 2604 Cura
957 2555 987 2604 te
1006 2547 1095 2607 etiam

148 2651 235 2716 atque
250 2641 337 2699 etiarn
352 2641 511 2716 diligenter.
553 2640 636 2699 Vale.

190 2757 216 2797 2.
240 2738 352 2816 Scripta
373 2739 432 2797 iam
456 2739 579 2816 epistola
601 2737 724 2797 Hermia
747 2739 832 2797 venit.
873 2737 986 2817 Accepi
1011 2750 1095 2802 tuam

147 2837 301 2913 epistolam
325 2837 521 2895 vacillantibus
548 2836 687 2907 litterulis,
710 2853 765 2894 nec
789 2837 905 2908 mirum,
928 2847 989 2896 tarn
1012 2841 1096 2914 gravi

147 2934 262 2993 morbo.
304 2933 370 3010 Ego
384 2934 422 2992 ad
436 2943 464 2992 te
479 2935 645 3010 Aegyptam
659 2934 732 3003 misi,
748 2933 829 3008 quod
844 2951 899 2992 nec
918 2934 1096 2997 inhumanus

149 3041 193 3090 est
207 3041 236 3090 et
249 3042 278 3090 te
292 3032 368 3090 visus
383 3040 427 3090 est
440 3031 512 3089 mihi
527 3031 655 3105 diligere,
669 3037 702 3087 ut
719 3028 742 3088 is
762 3038 859 3088 tecum
878 3039 963 3102 esset,
978 3040 1008 3091 et
1025 3051 1096 3093 cum

151 3146 187 3187 eo
202 3146 338 3204 coquum,
353 3140 413 3207 quo
426 3138 547 3188 uterere.
587 3125 668 3186 Vale.
