2392 3848
127 195 170 255 rp
190 175 242 268 η]
349 191 462 245 arrsr.
484 192 535 240 nu
555 192 720 242 Arrrcun
739 194 777 245 rr
794 194 852 264 ·19.
1026 197 1065 264 31

127 349 293 426 ‘dignitatis
325 353 390 434 ἅλις,
419 361 568 428 tamquam
598 353 690 426 δρυός.
726 351 817 420 saluti,
847 349 871 408 si
898 368 946 408 me
977 368 1068 420 amas,
1108 361 1144 418 Q

126 449 264 507 consule!
307 447 358 506 Me
386 451 542 508 miserum!
571 467 622 508 cur
642 467 703 507 non
724 451 817 508 ades?
845 448 914 506 nihil
936 439 1141 524 proiecto

126 554 156 602 te
171 547 354 620 praeteriret3
376 564 432 622 ego
451 546 573 605 fortasse
592 551 735 620 andhuno
754 556 783 604 et
801 548 923 603 nimium
942 551 977 622 τῶ
998 550 1068 621 καλῶ

125 645 316 712 προπέπονθα.
363 663 388 702 2.
411 642 488 702 Scito
509 644 579 702 nihil
600 662 739 720 umquam
761 644 849 702 luisse
871 654 930 701 tam
951 601 1068 712 infame,

125 751 186 797 tam
207 751 297 816 turpe,
320 751 378 799 tam
400 760 543 817 peraeque
564 743 700 800 omnibus
721 743 885 815 generibus,
909 741 1069 810 ordinibus

125 838 267 896 aetatibus
295 838 449 908 offensum,
476 858 563 915 quam
590 838 669 897 hunc
697 848 811 901 statum.
840 839 888 914 qui
913 857 991 896 nunc
1016 849 1068 908 est,

124 937 220 1010 magis
234 936 405 1007 mehercule,
417 955 506 1012 quam
520 937 630 1007 vellem,
645 955 705 994 non
719 937 810 995 modo
825 955 913 1012 quam
928 947 1068 1012 putaram.

125 1032 284 1107 Populares
299 1034 345 1091 isti
358 1035 416 1091 iam
431 1035 518 1092 etiam
537 1035 684 1093 modestos
701 1034 835 1092 homines
850 1034 962 1092 sibilare
978 1034 1068 1092 docu-

124 1141 217 1187 erunt.
261 1129 381 1189 Bibulus
405 1132 435 1189 in
458 1131 539 1190 caelo
562 1143 614 1203 est,
637 1150 692 1190 nec
717 1151 776 1208 qua
799 1150 830 1190 re
855 1132 925 1203 scio,
955 1132 1007 1190 sed
1028 1133 1068 1191 ita

123 1228 265 1299 laudatur,
287 1229 370 1305 quasi

312 1343 376 1389 Unus
392 1343 464 1390 homo
481 1345 545 1390 nobis
562 1346 690 1391 cunctando
707 1345 805 1391 reslituit
822 1359 879 1392 rern.

125 1441 293 1519 Pompeius,
316 1445 405 1501 nostri
426 1463 549 1514 amores,
573 1447 653 1521 quod
673 1445 743 1502 mihi
766 1463 882 1503 summo
904 1445 997 1503 dolori
1015 1453 1067 1514 est,

126 1541 189 1615 ipse
219 1559 250 1598 se
283 1541 410 1606 adflixit:
447 1544 593 1600 neminem
622 1553 701 1601 tenet
728 1543 892 1613 voluntate3
923 1561 959 1600 ne
988 1553 1068 1600 metu

125 1657 245 1697 necesse
274 1641 309 1698 sit
337 1641 371 1698 iis
399 1643 448 1710 uti,
477 1660 584 1700 vereor.
626 1641 693 1716 Ego
721 1654 817 1699 autem
846 1659 941 1718 neque
966 1659 1067 1717 pugno

125 1755 194 1794 cum
215 1737 261 1794 illa
282 1757 370 1796 causa
391 1749 509 1814 propter
527 1739 605 1796 illam
624 1741 788 1806 amicitiam,
810 1757 905 1814 neque
927 1739 1067 1814 approb0,

124 1848 163 1886 ne
192 1833 290 1888 omnia
318 1834 490 1906 improbem,
520 1851 594 1909 quae
623 1844 708 1890 antea
735 1833 830 1909 gessi:
858 1844 923 1890 utor
944 1833 997 1890 via.
1040 1851 1067 1906 3.

124 1928 230 2003 Populi
250 1947 353 1987 sensus
373 1931 498 1988 maxime
520 1930 631 1988 theatro
652 1943 680 1988 et
704 1931 875 2006 spectaculis
899 1941 1067 2006 perspectus

123 2036 187 2084 est:
209 2045 277 2084 nam
292 2027 497 2103 gladiatoribus
517 2047 574 2104 qua
595 2029 730 2087 dominus
750 2047 807 2104 qua
826 2028 957 2086 advocati
978 2029 1066 2086 sibilis

124 2125 283 2194 conscissi;
318 2125 393 2183 ludis
428 2125 643 2200 Apollinaribus
678 2125 812 2202 Diphilus
845 2127 1001 2202 tragoedus
1036 2127 1066 2184 in

123 2233 256 2281 nostrum
278 2221 451 2298 Pompeium
472 2223 632 2299 petulanter
652 2223 780 2282 invectus
802 2234 863 2282 est:

384 2336 469 2383 Nostra
489 2337 577 2383 miseria
594 2346 620 2383 tu
637 2352 660 2384 es
677 2352 805 2401 magnus-

123 2437 227 2495 millies
248 2445 367 2494 coactus
388 2447 432 2494 est
452 2436 547 2494 dicere
558 2455 567 2509 ;

200 2551 302 2597 Eandem
315 2551 425 2596 virtutem
443 2551 510 2596 istam
527 2551 603 2597 veniet
621 2560 710 2611 tempus
727 2565 780 2598 curn
798 2551 897 2615 graviter
913 2566 991 2616 gemes

123 2651 212 2708 totius
233 2650 334 2707 theatri
356 2650 482 2707 clamore
508 2650 577 2708 dixit
607 2651 732 2726 itemque
761 2661 864 2709 cetera.
906 2649 983 2709 Nam
1005 2653 1067 2710 eius

123 2748 204 2806 modi
226 2757 292 2805 sunt
312 2749 331 2804 ii
352 2766 459 2815 versus,
487 2750 527 2806 uti
549 2749 578 2805 in
600 2759 715 2825 tempus
737 2751 774 2807 ab
795 2750 912 2808 inimico
934 2749 1066 2826 Pompeii

123 2846 223 2922 scripti
243 2863 307 2903 esse
328 2845 484 2904 videantur.

346 2959 367 3007 Si
385 2975 457 3021 neque
474 2961 535 3023 leges
552 2976 625 3021 neque
641 2976 716 3008 mores
733 2972 851 3024 cognm-

123 3059 164 3119 Et
185 3068 280 3118 cetera
301 3077 410 3135 magno
438 3078 505 3118 cum
534 3060 648 3119 srernitu
677 3070 705 3119 et
733 3063 859 3121 clamore
888 3072 954 3121 sunt
982 3062 1066 3122 dicta

77 3168 79 3177 ¹
124 3157 234 3218 Caesar
265 3175 332 3214 cum
361 3157 486 3216 venisset
514 3167 631 3216 mortuo
658 3159 770 3233 plausu
803 3158 892 3218 Curio
920 3160 994 3218 lilius
1023 3171 1067 3220 est

77 3255 79 3257 ’
77 3258 293 3314 insecutus:
329 3254 395 3313 huic
427 3256 466 3313 ita
494 3256 627 3331 plausum
659 3265 710 3327 est,
732 3266 763 3315 ut
791 3257 869 3315 salva
893 3276 923 3315 re
951 3259 1068 3333 publica

77 3320 80 3374 l
127 3353 270 3432 Pompeio
291 3352 390 3430 plaudi
411 3353 530 3415 solebat.
573 3354 653 3414 Tulit
672 3354 780 3415 Caesar
799 3356 937 3431 graviter:
959 3357 1068 3417 litterae
