2498 3840
149 238 194 299 sp.
211 222 265 307 15.]
349 232 462 285 rerer.
482 235 531 283 Ab
555 234 676 299 Qurrvr.
700 232 807 284 rear.
828 236 852 283 r.
877 240 906 288 2.
1053 236 1094 306 37

149 393 213 468 ipse
234 392 392 467 cognovit:
414 392 520 450 etenim
541 393 691 450 intervenit
712 410 774 450 non
794 393 939 450 nullorum
960 388 1094 467 querelis,

149 508 225 565 quae
244 490 324 565 apud
343 507 390 548 me
412 491 448 548 de
467 490 516 548 illo
534 491 600 566 ipso
621 491 811 561 habebantur,
825 500 854 548 et
873 491 978 548 sentire
1000 491 1093 567 potuit

149 605 302 646 sermones
322 588 487 663 iniquorum
509 589 538 645 in
560 606 645 646 suum
665 589 848 664 potissimum
870 606 979 646 nomen
998 605 1093 646 erum-

149 704 227 761 pere.
273 705 299 760 3.
322 685 413 757 Quod
432 695 528 743 autem
547 705 595 744 me
613 687 738 744 maxime
755 704 872 745 movere
890 687 1009 757 solebat,
1024 703 1092 744 cum

150 783 306 841 audiebam
325 783 405 841 illum
422 784 487 859 plus
506 785 584 861 apud
602 793 630 843 te
649 803 745 860 posse,
760 802 848 860 quam
867 785 992 859 gravitas
1011 784 1093 841 istius

150 883 263 952 aetatis
277 883 391 957 imperii
409 883 561 957 prudentia
580 882 867 959 postularet—quam
888 882 994 939 multos
1015 882 1093 939 enim

149 997 268 1037 mecum
285 980 380 1054 egisse
399 992 493 1055 putas,
507 991 539 1038 ut
558 999 590 1039 se
611 981 701 1039 Statio
722 979 981 1039 commendarem?
1004 998 1094 1055 quam

149 1078 242 1135 multa
256 1088 354 1135 autem
369 1078 465 1154 ipsum
483 1080 620 1173 ἀσφαλῶς1
628 1097 744 1136 mecum
762 1079 793 1135 in
812 1095 948 1136 sermone
968 1079 1007 1134 ita
1026 1095 1093 1153 pro-

150 1175 250 1232 tulisse
276 1175 323 1233 ‘id
351 1176 422 1232 mihi
448 1193 510 1232 non
537 1176 661 1251 placuit;
689 1176 800 1246 monui,
824 1176 910 1246 suasi,
935 1173 1095 1233 deterruii'

150 1272 258 1347 quibus
272 1273 303 1329 in
316 1273 403 1330 rebus
417 1274 529 1330 etiamsi
544 1273 665 1331 fidelitas
680 1291 793 1330 summa
810 1283 862 1343 est,
877 1273 957 1347 quod
975 1290 1095 1349 prorsus

150 1371 250 1440 credo,
272 1371 411 1446 quoniam
436 1380 466 1428 tu
490 1371 531 1428 ita
554 1371 673 1441 iudicas,
695 1380 794 1428 tamen
817 1371 929 1445 species
950 1371 1013 1446 ipsa
1033 1380 1094 1428 tam

150 1469 271 1544 gratiosi
285 1468 379 1526 liberti
394 1477 442 1524 aut
459 1469 532 1525 servi
551 1468 720 1542 dignitatem
737 1468 844 1525 habere
861 1468 970 1525 nullam
989 1477 1094 1543 potest.

151 1567 251 1640 Atque
265 1565 323 1623 hoc
338 1565 380 1623 sic
393 1564 610 1623 habeto-nihil
624 1566 703 1623 enim
720 1583 774 1623 nec
794 1576 904 1624 temere
925 1566 1020 1623 dicere
1039 1584 1095 1624 nec

151 1674 246 1721 astute
279 1664 398 1721 reticere
431 1664 573 1734 debe0-‚
601 1663 750 1720 materiam
778 1681 898 1720 ornnem
926 1680 1094 1720 sermonum

151 1778 265 1831 eorum,
275 1759 326 1834 qui
340 1759 376 1817 de
391 1769 419 1817 te
434 1759 581 1818 detrahere
595 1759 708 1829 vellent,
721 1759 844 1817 Statium
859 1759 989 1831 dedisse3
1010 1768 1096 1817 antea

149 1867 266 1916 tantum
286 1856 413 1931 intellegi
433 1858 570 1931 potuisse,
589 1858 677 1915 iratos
697 1865 763 1915 tuae
786 1857 926 1914 severitati
947 1875 1011 1915 esse
1033 1876 1095 1916 non

150 1955 257 2026 nullos,
289 1954 347 2012 hoc
379 1955 558 2012 manumisso
591 1955 670 2012 iratis
702 1953 782 2030 quod
815 1955 1001 2031 loquerentur
1032 1974 1094 2013 non

151 2053 288 2112 defuisse.

192 2150 233 2208 Il.
264 2169 291 2220 4.
316 2149 404 2207 Nunc
425 2148 609 2225 respondebo
634 2148 671 2207 ad
693 2168 743 2208 eas
766 2148 911 2224 epistolas,
927 2167 999 2224 quas
1024 2149 1094 2206 mihi

150 2249 278 2307 reddidit
298 2248 331 2306 L.
355 2247 484 2318 Caesius,
506 2248 561 2317 cui,
584 2248 723 2322 quoniam
737 2249 777 2305 ita
801 2258 829 2305 te
852 2248 924 2305 velle
948 2248 1094 2323 intellego,

149 2347 231 2404 nullo
242 2347 309 2404 loco
321 2346 426 2418 deero;
441 2364 563 2421 quarum
578 2345 666 2403 altera
682 2354 724 2403 est
739 2346 775 2403 de
790 2345 941 2403 Blaudeno
956 2345 1094 2416 Zeuxide,

149 2462 241 2521 quem
263 2444 364 2501 scribis
387 2444 578 2501 certissimum
599 2442 780 2501 matricidam
802 2443 854 2499 tibi
878 2460 895 2501 a
920 2461 967 2500 me
995 2443 1094 2500 intime

150 2541 360 2601 commendari.
404 2539 472 2611 Qua
486 2541 523 2599 de
538 2559 568 2598 re
583 2550 612 2598 et
626 2539 662 2596 de
677 2539 733 2597 hoc
752 2558 859 2615 genere
877 2550 949 2611 toto,
963 2557 1001 2597 ne
1020 2539 1094 2598 forte
1144 2590 1149 2611 ,,

150 2657 199 2697 me
213 2639 244 2695 in
260 2637 390 2696 Graecos
404 2648 464 2694 tam
477 2639 663 2695 ambitiosum
678 2637 785 2694 factum
800 2655 864 2695 esse
878 2638 990 2717 migere,
1001 2655 1095 2713 pauca
1137 2648 1161 2707 Κζ

149 2753 309 2810 cognosce.
352 2733 419 2809 Ego
434 2753 501 2791 cum
517 2734 696 2792 Graecorum
711 2735 843 2810 querelas
857 2736 979 2792 nimium
999 2735 1094 2793 valere

150 2832 288 2890 sentirem
307 2842 425 2908 propter
444 2831 597 2888 hominum
616 2832 733 2905 ingenia
749 2831 786 2889 ad
807 2831 964 2889 fallendum
985 2841 1093 2907 parata,

149 2946 355 3006 quoscumque
372 2929 408 2986 de
427 2938 456 2987 te
470 2930 551 3003 queri
570 2929 665 2986 audivi
681 2948 863 3005 quacumque
882 2929 964 3005 potui
983 2929 1094 2986 ratione

148 3027 270 3104 placavi.
285 3025 415 3084 Primum
424 3025 663 3101 Dionysopolitas
675 3027 814 3102 quierant
825 3027 1013 3084 inimicissimi
1024 3026 1094 3083 leni-

148 3126 316 3201 viquorum
325 3125 486 3200 principem
496 3124 691 3201 Hermippum
700 3143 761 3182 non
770 3126 865 3184 solum
874 3143 1007 3184 sermone
1017 3144 1094 3198 mec,

149 3222 202 3282 sed
216 3223 304 3280 etiam
319 3220 508 3279 familiaritate
523 3222 656 3294 devinxi3
672 3240 729 3297 ego
743 3225 941 3298 Apamensem
955 3222 1094 3299 Hephae·

148 3330 236 3388 stum,
249 3336 305 3393 ego
319 3318 499 3375 levissimum
513 3318 671 3389 hominem,
684 3317 876 3394 Megaristum
890 3320 1093 3394 Antandrium,

147 3433 207 3494 ego
225 3413 343 3474 Niciam
363 3415 563 3491 Smyrnaeum,
577 3433 634 3492 ego
654 3434 748 3493 nugas
766 3419 909 3477 maximas
927 3419 1009 3478 omni
1027 3437 1094 3478 mea
