2392 3848
122 212 167 277 sp.
184 197 243 284 η]
342 210 453 269 srrsr.
476 211 525 260 An
545 211 770 261 FAMILIARES
784 213 814 267 r.
836 214 867 282 9.
1023 193 1065 276 87

123 362 372 420 rentur-etenim
390 362 420 420 id
437 361 492 421 feci
511 380 598 438 parce
617 370 646 421 et
663 361 836 433 molliter-,
850 358 903 419 sed
917 377 977 431 eos,
986 364 1067 435 'quos

123 470 188 518 erat
201 460 345 518 infinitum
359 461 433 518 bene
448 459 483 518 de
498 478 546 518 me
560 460 678 518 meritos
692 478 795 517 omnes
810 458 978 529 nominare;
993 473 1068 531 quos

123 568 225 619 tamen
238 560 318 635 ipsos
331 558 428 627 libros,
438 559 462 616 si
476 576 564 633 quem
579 559 626 616 cui
639 568 716 616 recte
731 557 912 617 committam
923 556 1067 624 invenem,

123 657 235 715 curabo
252 655 290 715 ad
309 665 337 713 te
356 639 549 731 perferendos.
593 655 690 730 Atque
712 656 798 712 istam
819 653 936 730 quidem
957 663 1069 728 partem

124 754 201 813 vitae
232 752 506 828 consuetudinisque
535 762 651 810 nostrae
682 760 775 810 totam
803 751 841 809 ad
880 759 910 811 te
951 749 1067 808 defero:

125 861 269 929 quantum
286 850 393 919 litteris,
408 860 549 926 quantum
568 849 678 915 studiis
694 850 837 913 veteribus
853 848 958 907 nostris
974 846 1069 909 delec-

124 948 294 1019 tationibus,
322 948 462 1024 consequi
489 946 655 1023 poterimus
684 945 713 1004 id
741 964 830 1004 omne
857 945 896 1004 ad
923 945 1070 1004 arbitrium

124 1056 220 1115 tuum,
241 1045 290 1122 qui
311 1043 383 1104 haec
404 1062 519 1120 semper
540 1043 856 1114 amasti,·libentissime
878 1041 1069 1101 conferemus.

127 1162 185 1221 24.ι
199 1142 284 1215 Quae
298 1142 336 1200 ad
350 1159 397 1201 me
413 1142 449 1199 de
463 1142 519 1200 tuis
533 1143 619 1200 rebus
632 1141 799 1200 domesticis
814 1140 921 1209 scribis,
934 1156 1069 1214 quaeque

125 1240 199 1300 mihi
213 1240 411 1310 commendas,
425 1257 461 1297 ea
474 1247 570 1298 tantae
583 1239 653 1298 mihi
668 1258 753 1297 curae
772 1248 847 1309 sunt,
862 1249 893 1303 ut
912 1256 960 1297 me
980 1238 1070 1294 nolim

124 1337 287 1407 admoneri,
310 1337 405 1412 rogari
432 1354 500 1395 vero
529 1337 591 1394 sine
618 1354 728 1412 magno
754 1336 853 1394 dolore
877 1336 925 1393 vix
950 1335 1070 1411 possim.

125 1434 221 1508 Quod
241 1434 277 1493 de
299 1433 400 1506 Quinti
421 1433 514 1492 fratris
532 1436 651 1510 negotio
671 1435 771 1493 scribis
791 1445 819 1492 te
839 1435 933 1509 priore
953 1443 1069 1502 aestate,

125 1533 211 1612 quod
224 1532 330 1591 morbo
341 1532 495 1608 impeditus
506 1532 536 1588 in
547 1531 678 1590 Ciliciam
690 1549 750 1590 non
762 1531 916 1601 transieris,
927 1531 1071 1602 conficere

125 1650 191 1693 non
204 1631 343 1707 putuisse,
357 1649 436 1688 nunc
449 1638 546 1689 autem
559 1631 660 1688 omnia
674 1630 824 1699 iacturum,
836 1639 868 1687 ut
882 1629 1027 1697 conficias,
1040 1627 1069 1686 id

122 1730 203 1791 scito
218 1747 282 1788 esse
296 1729 357 1787 eius
369 1729 459 1800 modi,
468 1739 500 1786 ut
514 1727 599 1786 frater
609 1746 692 1786 meus
703 1746 768 1785 vere
780 1727 923 1786 existimet
935 1726 1070 1784 adiuncto

126 1830 185 1889 isto
211 1826 303 1885 fundo
328 1827 534 1902 patrimonium
560 1826 621 1884 fore
647 1844 732 1884 suum
753 1844 804 1901 per
825 1835 852 1883 te
875 1825 1069 1882 constitutum.

127 1924 180 1985 Tu
193 1942 242 1982 me
256 1922 293 1980 de
307 1922 363 1981 tuis
377 1923 463 1980 rebus
477 1923 614 1980 omnibus
628 1932 657 1980 et
677 1922 713 1979 de
733 1921 847 1980 Lentuli
863 1921 904 1978 tui
923 1921 1071 1996 nostrique

126 2022 231 2081 studiis
263 2031 292 2079 et
323 2020 574 2078 exercitationibus
609 2020 694 2077 velim
729 2037 818 2096 quam
852 2018 1071 2076 familiarissime

125 2119 282 2179 oertIorem
299 2126 329 2175 et
342 2135 432 2193 quam
450 2117 618 2192 saepissime
636 2117 724 2174 facias
743 2117 959 2191 existumesque
978 2115 1071 2173 nemi·

127 2234 200 2277 nem
222 2216 358 2292 cuiquam
380 2232 474 2290 neque
500 2216 640 2291 cariorem
664 2233 760 2291 neque
784 2214 983 2272 iucundiorem
1007 2233 1071 2272 um-

127 2332 220 2395 quam
240 2313 328 2372 luisse
349 2330 438 2389 quam
459 2322 487 2371 te
508 2312 587 2383 mihi,
609 2313 696 2387 idque
721 2331 769 2370 me
794 2329 855 2369 non
877 2312 967 2369 modo
988 2322 1020 2370 ut
1040 2322 1072 2370 tu

128 2412 249 2482 sentiae,
263 2412 315 2469 sed
327 2419 368 2471 ‚ut
388 2427 492 2469 omnes
513 2409 622 2487 gentes
642 2406 728 2468 etiam
749 2418 781 2467 ut
802 2411 955 2484 posteritas
975 2410 1071 2469 omnis

128 2511 285 2586 intellegat,
294 2527 358 2568 esse
372 2509 522 2568 iacturum.
554 2522 601 2580 25.
614 2508 729 2583 Appius
744 2506 971 2572 insermonibus
986 2518 1071 2566 antea

128 2610 288 2678 dictitabat,
309 2617 413 2690 postea
437 2607 507 2665 dixit
531 2606 619 2665 etiam
644 2607 675 2663 in
700 2615 801 2664 senatu
827 2605 932 2680 palam,
954 2623 1026 2677 sese,
1050 2607 1073 2664 si

128 2710 240 2771 licitum
261 2716 338 2765 esset
358 2705 453 2780 legem
475 2704 613 2763 curiatam
634 2703 715 2773 ferre,
731 2703 898 2762 sortiturum
919 2721 983 2762 esse
1007 2721 1073 2762 curn

128 2807 244 2881 collega
262 2804 440 2881 provincias;
463 2803 486 2860 si
506 2803 613 2861 curiata
627 2802 674 2859 lex
688 2819 749 2859 non
764 2811 847 2871 esset,
864 2819 894 2860 se
909 2811 1075 2877 paraturum

128 2923 200 2969 cum
214 2903 326 2978 collega
340 2902 448 2978 tibique
463 2918 681 2970 successurum3
701 2899 797 2975 legem
811 2899 948 2959 curiatam
964 2900 1075 2957 consuli

128 3002 196 3065 ferri
211 3020 287 3078 opus
302 3019 375 3072 esse,
387 3017 507 3059 necesse
521 3018 583 3058 non
598 3017 678 3069 esse;
701 3017 741 3065 se,
755 2999 894 3074 quoniam
908 3017 944 3055 ex
959 3007 1076 3058 senatus

128 3102 267 3165 consulto
279 3099 457 3177 provinciam
468 3097 595 3167 haberet,
606 3096 670 3174 lege
682 3097 819 3157 Cornelia
829 3097 983 3171 imperium
994 3096 1076 3154 habi·

123 3213 236 3275 turum,
251 3197 351 3277 quoad
364 3198 396 3255 in
409 3197 511 3255 urbem
526 3195 678 3256 introisset.
709 3194 784 3270 Ego,
795 3195 864 3277 quid
876 3195 913 3254 ad
923 3204 951 3252 te
961 3203 1075 3253 tuorum

122 3288 256 3377 ⁸quisque
276 3295 506 3356 necessariorum
529 3294 642 3364 scribat,
657 3294 778 3365 nescio;
798 3293 890 3351 varias
905 3310 969 3350 esse
984 3292 1075 3368 opini-

122 3388 204 3475 Jones
224 3394 381 3475 intellego:
402 3402 469 3454 sunt
489 3391 539 3472 qui
560 3401 662 3470 putant
679 3408 765 3470 posse
790 3399 819 3452 te
841 3407 903 3451 non
926 3389 1074 3465 decedere,
