2498 3840
150 209 192 288 46
416 221 455 272 M.
481 219 603 271 Turrrr
624 213 811 268 cronnours
984 204 1055 287 [ears
1069 216 1089 268 r.

149 378 271 454 aliquidl
293 379 383 437 multa
397 379 544 437 occultant
557 387 623 436 tuae
637 379 754 448 litterae,
769 377 867 446 credo,
882 394 920 434 ne
934 374 1091 434 vehemen-

149 476 206 533 tius
222 476 423 552 desperatione
442 477 599 553 perturber.
635 475 715 546 Quid
736 475 814 533 enim
833 475 913 532 vides
933 475 981 549 agi
1001 491 1091 549 posse

149 584 197 630 aut
211 591 270 648 quo
284 574 393 632 modo?
415 592 467 650 per
481 575 673 632 senatumne?
695 582 740 631 ast
752 583 814 631 tute
828 573 966 649 scripsisti
981 570 1019 630 ad
1032 589 1089 642 me,

149 672 297 745 quoddam
312 680 398 747 caput
416 672 488 747 legis
503 671 639 729 Clodium
661 673 690 728 in
713 671 808 729 curiae
829 680 913 746 poste
928 670 1036 739 fixisse,
1050 687 1090 728 uu

148 785 273 826 nuruum
294 788 370 827 uuvu
390 788 449 828 nrcr
469 787 602 828 arcanus.
645 769 715 840 Quo
730 769 820 826 modo
842 768 927 842 igitur
941 767 1090 825 Domitius

149 883 180 923 se
195 866 265 922 dixit
279 866 456 924 relaturum?
478 865 642 942 quomodo
658 877 754 923 autem
771 865 814 935 iis,
829 883 904 940 quos
925 874 957 922 tu
978 864 1090 934 scribis,

148 961 226 1018 etde
241 980 271 1019 re
287 964 449 1022 dIcentibus
463 973 500 1034 et,
515 974 546 1021 ut
559 963 717 1034 referretur,
736 962 948 1038 postulantibus
966 961 1089 1020 Clodius

147 1059 256 1117 tacuit?
287 1078 330 1130 ac,
359 1061 383 1118 si
405 1080 458 1137 per
481 1061 631 1137 populum,
656 1061 798 1137 poteritne
822 1061 877 1118 nisi
896 1060 932 1119 de
954 1061 1089 1117 omnium

147 1157 328 1214 tribunorum
342 1158 381 1233 pl.
394 1159 553 1217 sententia?
575 1158 645 1234 quid
660 1159 816 1217 debonis?
838 1157 908 1234 quid
923 1157 959 1216 de
974 1158 1088 1215 domo?

148 1256 290 1328 poteritne
304 1256 433 1313 restitui?
454 1265 511 1326 aut,
529 1257 552 1314 si
567 1273 627 1314 non
641 1256 754 1331 poterit,
776 1264 894 1330 egomet
914 1272 974 1331 quo
996 1255 1089 1314 modo

148 1352 271 1426 potero?
321 1351 405 1410 Haec
428 1354 482 1411 nisi
507 1354 587 1410 vides
609 1353 747 1428 expediri,
772 1371 861 1428 quam
882 1353 912 1408 in
935 1369 1018 1426 spem
1040 1371 1089 1411 me

148 1450 256 1506 vocas?
278 1449 429 1508 sinautem
444 1452 505 1526 spei
520 1451 590 1508 nihil
603 1460 654 1515 est,
666 1468 740 1527 quae
754 1459 798 1507 est
812 1449 883 1506 mihi
896 1449 974 1507 vita?
989 1449 1088 1527 itaque

148 1555 286 1620 exspecto
315 1545 542 1607 Thessalonicae
584 1558 648 1606 acta
683 1547 748 1605 Kal.
785 1546 875 1611 Sext,
910 1566 947 1605 ex
982 1549 1088 1624 quibus

148 1652 272 1701 statuam
299 1644 329 1700 in
353 1653 458 1703 tuosne
483 1663 569 1721 agros
597 1644 771 1719 confugiam,
795 1654 827 1702 ut
855 1662 950 1720 neque
971 1645 1089 1705 videam

147 1742 287 1814 homines,
303 1760 376 1818 quos
391 1744 490 1815 nolim,
505 1755 534 1801 et
554 1753 591 1814 te,
606 1753 638 1801 ut
659 1744 768 1814 scribis,
783 1742 896 1801 videam
917 1752 946 1801 et
966 1746 1088 1820 propius

147 1840 211 1910 sim,
240 1840 263 1898 si
291 1841 361 1917 quid
385 1841 615 1918 agatur-idque
644 1841 770 1899 intellexi
784 1860 851 1899 cum
874 1842 935 1912 tibi,
961 1853 1023 1901 tum
1048 1844 1087 1916 Q.

147 1936 224 1994 fratri
239 1937 400 2012 placere—‚
416 1957 452 1995 an
468 1939 571 1996 abeam
586 1939 733 2014 Cyzicum.
770 1951 798 2013 7.
819 1938 914 2012 Nunc,
930 1939 1086 2016 Pomponi,

148 2035 287 2110 quoniam
314 2035 384 2093 nihil
411 2036 561 2111 impertisti
588 2045 654 2094 tuae
687 2036 855 2113 prudentiae
889 2037 928 2096 ad
963 2039 1088 2100 salutem

147 2149 252 2199 meam,
264 2132 344 2206 quod
358 2142 406 2190 aut
420 2133 450 2189 in
464 2152 512 2191 me
526 2135 590 2209 ipso
605 2135 673 2193 satis
688 2153 751 2193 esse
766 2135 877 2193 consilii
891 2135 1023 2195 decreras
1038 2147 1089 2197 aut

147 2239 175 2286 te
198 2228 266 2285 nihil
291 2230 355 2305 plus
379 2231 449 2287 mihi
473 2231 578 2290 debere
600 2250 688 2308 quarn
710 2242 741 2290 ut
762 2243 877 2308 praesto
902 2251 991 2304 esses,
1013 2254 1088 2312 quo·

148 2327 283 2402 uiamque
308 2345 364 2402 ego
392 2329 528 2404 proditus,
553 2328 695 2400 inductus,
721 2331 869 2388 coniectus
891 2331 921 2388 in
946 2331 1086 2406 fraudem,

147 2425 246 2482 omnia
272 2443 338 2482 mea
365 2427 508 2502 praesidia
537 2427 661 2502 neglexi,
690 2437 781 2486 totam
810 2429 922 2486 ltaliam
953 2426 995 2509 [in
1023 2428 1085 2512 me]

147 2531 272 2579 erectam
300 2524 337 2580 ad
364 2542 411 2581 me
445 2523 661 2582 defendendum
696 2526 811 2584 destitui
845 2537 874 2584 et
901 2527 1010 2602 reliqui,
1039 2547 1088 2588 me

147 2638 287 2694 meosque
305 2622 377 2679 meis
396 2622 500 2680 tradidi
520 2623 643 2681 inimicis
662 2624 842 2699 inspectante
864 2635 893 2683 et
913 2633 1027 2684 tacente
1049 2636 1087 2699 te,

147 2719 206 2794 qui,
221 2720 244 2776 si
258 2736 320 2776 non
334 2719 398 2795 plus
413 2720 530 2795 ingenio
544 2721 659 2778 valebas
676 2739 765 2796 quam
787 2740 852 2797 eg0,
867 2732 943 2780 certe
963 2724 1088 2784 timebas

146 2817 259 2874 minus:
292 2818 315 2874 si
339 2827 432 2893 potes,
454 2819 532 2893 erige
553 2818 684 2877 adflictos
704 2829 731 2877 et
752 2819 782 2877 in
803 2836 840 2877 eo
861 2838 916 2878 nos
939 2821 1020 2894 iuva3
1043 2824 1088 2881 sin

147 2917 248 2973 omnia
272 2925 338 2973 sunt
360 2916 515 2987 obstructa,
543 2916 573 2974 id
595 2917 690 2991 ipsum
711 2917 756 2975 fac
780 2926 811 2974 ut
834 2918 959 2976 sciamus
985 2928 1013 2976 et
1031 2938 1087 2980 nos

148 3012 303 3087 aliquando
331 3023 380 3071 aut
407 3014 559 3088 obiurgare
587 3024 636 3072 aut
664 3014 784 3073 comiter
808 3015 952 3073 consolari
977 3016 1087 3076 desine.

149 3109 214 3185 Ego
229 3111 253 3168 si
267 3121 346 3168 tuam
367 3111 454 3169 fidem
476 3129 651 3181 accusarem,
674 3130 735 3169 non
757 3130 804 3170 me
826 3113 1009 3187 potissimum
1030 3115 1087 3174 tuis

147 3209 229 3266 tectis
244 3211 411 3268 crederem:
433 3229 530 3269 meam
543 3213 699 3268 amentiam
715 3228 830 3280 accuse,
845 3211 957 3287 quoda
978 3220 1006 3269 te
1023 3222 1087 3271 tan·

147 3317 209 3364 tum
236 3326 277 3363 me
304 3309 401 3379 amari,
430 3318 570 3383 quantum
599 3327 655 3386 ego
680 3309 790 3378 vellem,
814 3309 926 3384 putavi;
959 3311 1087 3385 quodsi

147 3403 255 3476 luisset,
277 3404 365 3463 fidem
386 3407 519 3480 eandem,
540 3423 639 3466 curam
663 3407 804 3465 maiorem
829 3406 1016 3482 adhibuisses,
1038 3428 1086 3470 me
