2392 3848
126 170 188 233 104
401 165 439 216 n.
466 165 588 214 rurrrr
608 165 799 215 nicanorus
831 164 835 169 ·
954 154 1059 237 [razu

122 324 150 374 et
174 312 337 372 mehercule
362 314 531 373 auctoritate
554 323 605 372 tua
627 312 795 371 inflammati
818 311 942 372 vicimus
966 330 1060 373 omnes

121 411 228 469 -hoc
254 421 286 470 tu
312 413 352 470 ita
380 412 630 488 reperies-cum
654 410 836 478 abstinentia,
861 419 926 468 tum
954 396 1061 481 iustitia,

121 509 263 578 facilitate,
299 510 460 568 clementia.
511 509 590 568 Cave
624 517 708 584 putes
743 508 901 583 quicquam
936 507 1063 567 homines

121 607 213 681 magis
240 624 380 682 umquam
408 625 473 665 esse
500 607 618 665 miratos
646 622 735 682 quam
763 604 875 663 nullum
906 605 1063 664 teruncium

121 721 168 760 me
191 704 340 762 obtinente
365 704 543 780 provinciam
570 712 703 778 sumptus
730 700 839 760 factum
866 719 934 761 esse
959 703 1064 761 necin

120 816 181 856 rem
205 799 350 875 publicam
375 819 429 858 nec
452 801 482 857 in
503 816 680 874 quemquam
701 816 843 869 meorum,
863 808 1064 875 praeterquam

120 898 151 954 in
178 895 211 955 L.
233 896 362 954 Tullium
390 897 525 972 legatum.
567 895 607 965 Is,
633 896 780 970 ceteroqui
805 897 966 968 abstinens,
992 890 1063 977 [sed]

120 993 193 1052 Iulia
220 994 285 1069 lege
313 995 438 1064 transita,
461 992 550 1051 semel
577 1002 675 1050 tamen
702 993 733 1050 in
762 992 847 1062 diem,
869 1011 943 1064 non,
965 1003 999 1051 ut
1024 991 1066 1051 alii

120 1092 261 1161 solebant,
283 1091 421 1148 omnibus
446 1091 523 1160 vicis,
546 1085 670 1168 [praeter
695 1108 762 1147 eum
791 1090 882 1148 semel
907 1108 999 1149 nemo
1022 1108 1065 1149 ac·

120 1184 210 1268 cepit]
228 1187 297 1246 iacit
316 1198 347 1245 ut
365 1187 435 1244 mihi
454 1187 641 1262 excipiendus
661 1187 705 1256 sit,
720 1205 788 1244 cum
807 1187 973 1245 teruncium
992 1204 1066 1264 nego

119 1295 252 1361 sumptus
280 1285 406 1357 iactum3
438 1294 551 1360 praeter
578 1302 646 1342 eum
671 1285 783 1360 accepit
803 1302 901 1344 nemo.
955 1287 983 1344 6.
1005 1285 1066 1344 Has

119 1401 138 1440 a
153 1392 253 1440 nostro
268 1382 306 1453 Q.
316 1381 427 1439 Titinio
445 1381 545 1439 sordes
565 1381 739 1456 accepimus.
780 1381 848 1458 Ego
865 1383 982 1442 aestivis
999 1401 1065 1442 con·

119 1479 200 1538 fectis
222 1478 363 1550 Quintum
385 1479 501 1537 fratrem
523 1479 648 1536 hibernis
670 1489 699 1537 et
719 1479 836 1539 Ciliciae
858 1481 989 1556 praefeci
996 1500 1005 1553 ;
1030 1479 1065 1553 Q.

120 1578 282 1648 Volusium,
298 1578 338 1634 tui
356 1577 465 1635 Tiberii
484 1594 632 1653 generum,
647 1586 757 1634 certum
776 1576 929 1635 hominem
944 1587 973 1635 et
992 1578 1066 1636 miri·

119 1677 174 1735 fiee
198 1676 399 1744 abstinentem,
422 1675 486 1732 misi
509 1676 539 1732 in
564 1672 702 1749 Cyprum,
723 1685 755 1732 ut
776 1675 816 1733 ibi
837 1675 984 1751 pauculos
1008 1675 1067 1734 dies

121 1784 205 1844 esset,
227 1791 265 1830 ne
286 1773 362 1830 cives
387 1771 513 1828 Romani
537 1771 630 1847 pauci,
652 1771 701 1845 qui
729 1755 785 1829 illic'
806 1773 1004 1847 negotiantur,
1025 1772 1067 1832 ius

121 1872 175 1930 sibi
203 1870 311 1927 dictum
339 1876 493 1943 negarent;
526 1885 594 1925 nam
619 1869 734 1925 evocari
757 1887 793 1926 ex
822 1869 918 1927 insula
943 1869 1068 1946 Cyprios

121 1968 271 2026 nonlicet.
294 1978 320 2040 7.
343 1965 411 2040 Ipse
428 1966 458 2021 in
477 1965 578 2021 Asiam
597 1963 745 2039 profectus
766 1983 831 2024 sum
853 1964 952 2024 Tarso
974 1967 1068 2027 Nonis

119 2065 266 2133 Ianuariis,
292 2080 352 2120 non
379 2062 541 2120 mehercule
570 2062 626 2119 dici
653 2072 758 2137 potest,
787 2082 846 2139 qua
874 2063 1068 2125 admiratione

119 2161 236 2219 Ciliciae
261 2160 406 2218 civitatum
429 2160 612 2234 maximeque
635 2159 841 2230 Tarsensium
870 2170 978 2237 postea
1000 2181 1068 2223 vero

117 2276 206 2333 quam
239 2257 370 2315 Taurum
403 2266 598 2331 transgressus
632 2275 706 2327 sum,
734 2258 855 2316 mirifica
888 2263 1069 2336 exspectatio

118 2354 206 2412 Asiae
226 2364 389 2412 nostrarum
409 2354 595 2424 dioecesium,
613 2373 689 2429 quae
708 2373 760 2414 sex
781 2356 933 2414 mensibus
956 2359 1069 2435 imperii

118 2453 175 2509 mei
200 2450 292 2508 nullas
319 2468 400 2508 meas
421 2460 573 2525 acceperat
597 2451 711 2521 litteras,
737 2470 898 2528 numquam
920 2454 1069 2531 hospitem

117 2548 234 2606 viderat.
276 2546 351 2603 Illud
376 2555 472 2604 autem
497 2556 612 2620 tempus
638 2551 792 2623 quotannis
813 2560 881 2608 ante
905 2569 956 2611 me
978 2553 1070 2611 fuerat

117 2648 147 2704 in
161 2646 217 2703 hoc
232 2652 370 2721 quaestu:
392 2643 520 2701 civitates
539 2642 706 2719 locupletes,
722 2665 759 2704 ne
779 2647 808 2703 in
826 2647 951 2707 hiberna
965 2651 1070 2709 milites

116 2744 286 2818 reciperent,
301 2758 422 2815 magnas
441 2740 579 2814 pecunias
599 2740 714 2811 dabant,
731 2741 829 2819 Cyprii
847 2745 959 2804 talenta
974 2748 1070 2806 Attica

115 2859 168 2910 cc,
183 2857 241 2915 qua
255 2857 290 2896 ex
311 2837 505 2894 insula—non
524 2838 707 2908 ὑπερβολικῶς,
723 2840 774 2897 sed
793 2841 943 2901 verissime
964 2844 1071 2921 loquor

115 2953 294 2994 -nummus
320 2932 414 2992 nullus
442 2950 490 2990 me
515 2932 661 2990 obtinente
690 2938 871 3009 erogabatur.
916 2939 968 2998 Ob
997 2941 1070 3000 haec

116 3034 265 3103 beneficia,
290 3032 394 3107 quibus
419 3029 458 3085 illi
480 3029 697 3101 obstupescunt,
723 3032 818 3090 nullos
843 3033 974 3096 honores
999 3040 1070 3097 mihi

116 3131 171 3187 nisi
192 3131 344 3187 verborum
368 3125 483 3184 decerni
505 3124 586 3193 sino;
613 3135 730 3194 statuas
752 3128 827 3201 sana,
849 3133 979 3204 τέθριππα
1001 3155 1069 3212 pro.

117 3227 212 3295 hibeo,
233 3243 288 3282 nec
309 3242 373 3281 sum
394 3224 425 3280 in
446 3220 503 3277 ulla
524 3237 554 3276 re
576 3218 630 3275 alia
653 3222 792 3281 molestus
821 3227 994 3302 civitatibus,
1018 3235 1069 3292 sed

117 3322 239 3382 fortasse
260 3321 318 3391 tibi,
338 3319 388 3394 qui
409 3317 480 3374 haec
501 3314 664 3390 praedicem
686 3316 722 3374 de
744 3336 801 3378 me.
842 3321 952 3398 Perfer,
975 3330 1000 3388 si
1021 3348 1070 3402 me
