2498 3840
149 191 213 273 246
421 202 461 256 rr.
488 202 608 253 rurrrr
631 204 821 253 memorius
988 189 1035 275 [ra
1061 205 1092 255 v.

149 362 316 423 Archilochi
341 363 463 434 iambus,
485 363 526 421 sic
549 362 672 438 epistola
695 369 744 420 tua
767 360 939 439 longissima
958 379 1093 440 quaeque

149 462 261 537 optima
285 460 403 519 videtur.
446 461 537 532 Quod
559 478 607 519 rne
632 461 783 530 admones,
805 471 836 518 tu
859 477 929 518 vero
953 461 1042 519 etiam

150 558 384 632 reprehenderes,
405 577 467 617 non
487 559 578 617 modo
603 558 685 616 facile
710 568 830 633 paterer,
853 557 905 615 sed
926 557 1016 616 etiarn
1035 558 1094 616 lae·

149 664 232 726 tarer,
254 656 361 730 quippe
382 674 450 714 cum
475 657 505 714 in
529 656 754 733 reprehensione
779 656 816 713 sit
843 654 999 731 prudentia
1025 673 1094 715 cum

150 754 270 824 εὐμενείᾳ.
312 753 358 811 Ita
376 754 497 812 libenter
511 773 546 812 ea
559 754 712 829 corrigam,
727 770 801 828 quae
815 762 875 810 ate
889 753 1095 813 animadversa

149 859 225 907 sunt.
267 849 399 908 ‘Eodem
423 852 493 922 iure,
514 869 573 927 quo
595 850 756 908 Rubriana’
778 849 883 926 potius,
905 868 995 925 quam
1018 855 1096 927 ‘quo

150 944 312 1022 Scipionis,'
332 957 360 1005 et
382 948 419 1007 de
439 947 571 1006 laudibus
596 947 764 1006 Dolabellae
790 947 909 1006 deruam
934 949 1095 1006 cumulum.

147 1043 193 1105 Ac
207 1054 304 1102 tamen
319 1055 363 1103 est
377 1045 432 1103 isto
446 1045 512 1103 loco
525 1044 610 1116 bella,
620 1055 652 1103 ut
666 1045 736 1101 mihi
750 1044 869 1116 videtur,
879 1047 1003 1118 εἰρωνεία,
1012 1047 1096 1123 quod

147 1161 215 1201 eum
229 1152 272 1201 ter
285 1153 387 1201 contra
401 1144 477 1202 cives
491 1145 521 1201 in
535 1143 604 1203 acie.
649 1144 725 1202 Illud
743 1144 831 1201 etiam
850 1143 929 1202 malo
944 1146 984 1217 ‘†
997 1145 1095 1223 indig-

148 1240 213 1299 nius
227 1259 292 1298 esse
306 1241 384 1300 hunc
394 1238 504 1300 vivere'
520 1258 608 1317 quam
624 1241 711 1317 ‘quid
729 1241 908 1317 indigniusi’
946 1261 973 1317 3.
994 1249 1095 1301 πεπλο·

148 1340 262 1414 γραφίαν
283 1338 424 1398 Varronis
448 1341 500 1398 tibi
522 1341 639 1416 probari
664 1358 724 1398 non
749 1339 871 1398 moleste
896 1339 967 1412 sero,
990 1359 1009 1400 a
1031 1362 1094 1420 quo

149 1437 244 1496 adhuc
259 1439 458 1510 ίΗρακλείδειον
475 1437 545 1495 illud
564 1457 624 1496 non
643 1437 755 1496 abstuli.
798 1436 889 1510 Quod
905 1456 954 1496 me
968 1438 1092 1501 hortaris

147 1536 186 1593 ad
200 1534 394 1607 scribendum,
409 1537 501 1594 amice
516 1545 547 1594 tu
561 1536 687 1611 quidem,
703 1537 755 1595 sed
768 1555 817 1594 me
831 1536 905 1594 scito
920 1555 1007 1612 agere
1021 1539 1092 1599 nihii

148 1632 233 1692 aliud.
276 1632 412 1691 Gravedo
437 1644 487 1691 tua
511 1633 582 1691 mihi
606 1633 728 1692 molesta
751 1643 812 1692 est:
836 1652 955 1710 quaeso,
977 1635 1091 1710 adhibe,

147 1749 236 1807 quarn
258 1731 342 1804 soles,
363 1730 547 1806 diligentiam.
590 1731 636 1791 ‘O
656 1729 735 1789 Tite’
754 1731 806 1789 tibi
828 1732 968 1809 prodesse
988 1733 1090 1793 laetor.

147 1828 296 1903 Anagnini
317 1837 383 1886 sunt
404 1827 531 1887 Mustela
548 1830 687 1903 ταξιάρχης
706 1838 734 1886 et
755 1827 843 1901 Laco,
863 1831 913 1906 qui
934 1830 1091 1906 plurimum

148 1928 228 1985 bibit.
270 1925 399 1996 Librum,
422 1944 510 2000 quem
537 1943 633 2001 rogas,
658 1925 820 2003 perpoliam
844 1936 874 1986 et
896 1928 1020 1989 mittam.
1063 1950 1091 2003 4.

148 2025 233 2084 Haec
256 2025 294 2082 ad
320 2025 520 2099 posteriorem.
561 2027 599 2079 Τὰ
619 2024 680 2098 περί
701 2031 746 2081 τοῦ
768 2026 926 2098 καθήκοντος,
947 2038 1092 2103 quatenus

148 2124 310 2192 Panaetius,
326 2122 437 2180 absolvi
452 2123 583 2179 duobus:
605 2121 679 2180 illius
693 2131 749 2180 tres
766 2133 840 2195 sunt,
856 2124 908 2182 sed
922 2143 992 2184 cum
1010 2127 1093 2185 initio

149 2222 288 2280 divisisset
302 2221 349 2291 ita,
359 2221 411 2278 tria
425 2238 532 2295 genera
546 2219 715 2294 exquirendi
730 2221 817 2280 officii
831 2240 904 2293 esse,
913 2241 1014 2294 unum,
1024 2242 1092 2284 cum

148 2319 346 2388 deliberemus,
372 2318 529 2376 honestum
556 2335 594 2375 an
622 2328 704 2394 turpe
733 2319 777 2390 sit,
801 2319 932 2392 alterum,
955 2321 1026 2380 utile
1053 2340 1092 2381 an

148 2416 254 2487 inutile,
269 2417 391 2486 tertium,
407 2435 475 2474 cum
494 2416 566 2474 haec
581 2416 654 2473 inter
668 2434 700 2473 se
715 2435 843 2493 pugnare
857 2416 1017 2490 videantur,
1032 2438 1093 2496 quo

149 2513 239 2573 modo
259 2514 445 2572 iudicandum
465 2515 508 2586 sit,
524 2514 617 2589 qualis
635 2531 724 2572 causa
744 2513 856 2588 Reguli,
872 2515 965 2574 redire
985 2516 1094 2577 hones·

148 2623 219 2683 tum,
239 2630 356 2670 manere
377 2613 454 2683 utile,
474 2613 511 2669 de
531 2611 644 2668 duobus
663 2611 763 2686 primis
783 2612 929 2686 praeclare
950 2614 1091 2687 disseruit,

149 2713 186 2770 de
203 2711 287 2768 tertio
307 2709 457 2787 pollicetur
476 2728 507 2768 se
528 2710 674 2783 deinceps,
689 2709 742 2766 sed
760 2709 829 2765 nihil
849 2711 971 2786 scripsit.
1013 2712 1093 2773 Eum

147 2811 245 2868 locum
273 2809 448 2867 Posidonius
477 2817 645 2883 persecutus
673 2813 732 2876 est,·
763 2824 819 2882 ego
848 2818 945 2866 autem
972 2820 1003 2869 et
1030 2813 1094 2872 eius

147 2909 250 2966 librum
266 2907 399 2965 arcessivi
414 2916 443 2964 et
457 2907 495 2964 ad
508 2905 731 2964 Athenodorum
747 2903 868 2963 Calvum
883 2909 994 2983 scripsi,
1008 2921 1041 2967 ut
1055 2912 1094 2970 ad

148 3025 196 3064 me
223 3007 256 3061 τὰ
282 3008 410 3077 κεφάλαια
439 3003 571 3074 mitteret,
601 3021 676 3078 quae
705 3014 861 3078 exspecto;
890 3023 980 3081 quern
1007 3008 1094 3066 velim

148 3102 298 3161 cohortere
313 3111 341 3159 et
355 3119 450 3176 roges,
466 3111 497 3159 ut
512 3120 600 3177 quam
620 3101 753 3176 primum.
796 3101 832 3158 In
850 3119 887 3161 eo
905 3111 950 3161 est
968 3107 1028 3178 περὶ
1046 3112 1095 3163 τοῦ

149 3203 212 3256 κατὰ
233 3202 388 3274 περίστασιν
411 3201 569 3270 καθήκοντος.
620 3197 710 3269 Quod
732 3199 769 3256 de
792 3200 978 3277 inscriptione
1003 3221 1093 3279 quae·

149 3298 196 3366 ris,
220 3315 281 3355 non
303 3298 402 3355 dubito
422 3298 493 3372 quin
511 3299 618 3367 καθῆκον
638 3296 798 3354 ‘officium'
823 3297 867 3369 sit,
890 3298 945 3356 nisi
968 3302 1039 3375 quid
1062 3312 1093 3361 tu

150 3394 236 3465 aliud,
252 3394 303 3454 sed
317 3395 464 3472 inscriptio
478 3395 590 3472 plenior
605 3396 658 3453 ‘de
672 3394 791 3454 officiis!
825 3400 981 3470 Προσφωνῶ
995 3408 1093 3458 autem
