2392 3848
54 203 98 267 ap.
115 185 168 274 11.]
280 199 392 254 error.
413 199 463 248 AD
483 199 649 249 arricum
668 199 708 251 rr.
738 186 787 251 18.
956 197 998 264 29

55 376 112 434 ego
136 376 174 416 ne
198 350 268 417 illud
293 357 411 435 quidem
435 363 630 424 contemnam,
656 351 736 431 quod
760 341 920 411 extremum
945 360 997 407 est.

55 456 102 514 Te
120 457 151 514 in
170 456 301 532 Arpinati
319 456 479 514 videbimus
498 463 526 512 et
544 453 671 528 hospitio
690 451 794 528 agresti
813 449 998 525 accipiemus,

55 554 195 629 quoniam
208 554 393 612 maritumum
406 552 464 610 hoc
479 550 685 626 contempsisti.

275 723 322 779 11.
365 718 424 778 ΑΙ)
447 715 702 776 ATTICUMII.
727 717 772 777 18.
810 731 870 831 >scs

222 830 291 892 Sca.
314 831 426 891 Roura
440 849 534 890 uersu
547 830 633 890 Iunuo
655 848 739 890 nuc.
761 832 830 905 695.

371 956 474 998 cremo
496 955 602 996 arrico
623 955 684 995 san.

102 1069 127 1111 1.
150 1050 258 1112 Accam
285 1052 394 1128 aliquot
418 1050 554 1127 epistolas
578 1059 651 1122 tuaS,
677 1068 713 1108 ex
737 1048 840 1126 quibus
864 1045 999 1114 intellexi,

58 1168 147 1226 quarn
167 1168 309 1226 suspenso
328 1150 427 1208 animo
442 1158 470 1206 et
484 1149 605 1206 sollicito
624 1149 696 1207 scire
715 1164 822 1216 averes
837 1146 906 1221 quid
925 1154 1001 1204 esset

59 1248 142 1305 novi:
164 1256 295 1305 tenemur
308 1247 445 1322 undique,
460 1263 556 1321 neque
574 1247 632 1302 iam
651 1262 710 1322 quo
730 1244 825 1302 minus
846 1243 1001 1301 serviamus

59 1363 234 1415 recusamus,
254 1343 306 1403 sed
324 1353 450 1402 mortem
464 1351 492 1400 et
505 1342 677 1401 eiectionem
697 1341 779 1418 quasi
792 1341 903 1400 maiora
921 1341 1002 1398 time-

60 1461 134 1512 mus,
154 1460 229 1518 quae
250 1440 341 1499 multo
360 1450 426 1498 sunt
445 1439 577 1511 minora;
606 1450 691 1516 atque
712 1439 758 1496 hic
778 1444 818 1496 est
836 1447 935 1509 status,
954 1438 1003 1513 qui

61 1558 120 1598 una
134 1557 205 1598 voce
219 1540 350 1597 omnium
369 1537 493 1614 gemitur
512 1555 607 1613 neque
621 1537 709 1595 verbo
725 1536 896 1611 cuiusquam
910 1535 1003 1593 suble·

61 1649 160 1695 vatur:
193 1639 289 1693 σκοπὸς
310 1645 362 1705 est,
384 1642 416 1692 ut
444 1633 583 1708 suspicor,
605 1634 668 1704 illis,
690 1633 740 1708 qui
768 1641 874 1702 tenent,
896 1633 1004 1690 nullam

63 1738 198 1813 cuiquam
212 1735 394 1810 largitionem
412 1733 582 1807 relinquere.
624 1730 709 1789 Unus
727 1730 853 1805 loquitur
867 1740 895 1790 et
908 1731 1005 1806 palam

63 1834 230 1892 adversatur
267 1830 437 1889 adulescens
474 1826 579 1887 Curio:
622 1830 687 1888 huic
726 1828 843 1905 plausus
876 1829 1004 1897 maximi,

65 1928 256 1989 consalutatio
275 1927 398 1986 sorensis
417 1925 637 2002 perhonorifica,
652 1927 736 2002 signa
752 1936 900 2001 praeterea
917 1927 1006 1984 bene·

64 2028 206 2085 volentiae
225 2025 366 2101 permulta
385 2042 403 2081 a
421 2022 507 2081 bonis
525 2025 741 2100 impertiuntur;
766 2023 880 2081 Fufium
899 2025 1006 2082 clamo-

65 2126 144 2183 ribus
165 2133 194 2181 et
215 2124 346 2182 convitiis
368 2131 396 2178 et
417 2120 506 2179 sibilis
528 2132 739 2181 consectantur.
781 2120 838 2180 His
862 2141 897 2180 ex
922 2122 1008 2180 rebus

66 2240 126 2280 non
158 2239 233 2297 spes,
262 2220 314 2278 sed
342 2218 424 2278 dolor
457 2227 500 2276 est
531 2220 633 2291 maior,
667 2237 734 2278 cum
760 2218 858 2278 videas
890 2220 1009 2279 civitatis

66 2318 243 2376 voluntatem
265 2317 397 2384 solutam,
420 2315 552 2374 virtutem
574 2317 726 2391 alligatam.
772 2334 797 2374 a.
812 2318 857 2376 Ac
877 2335 916 2374 ne
936 2317 1009 2375 forte

67 2432 188 2491 quaeras
202 2416 264 2470 κατὰ
277 2417 371 2470 λεπτὸν
390 2415 426 2473 de
445 2413 565 2489 singulis
584 2416 678 2485 rebus,
697 2413 829 2472 universa
846 2433 892 2472 res
911 2432 947 2472 eo
967 2423 1010 2471 est

68 2513 201 2582 deducta,
220 2530 287 2587 spes
305 2520 337 2569 ut
356 2512 434 2570 nulla
453 2512 488 2569 sit
508 2511 664 2587 aliquando
684 2531 744 2570 non
766 2512 856 2569 modo
875 2513 1009 2587 privatos,

68 2626 168 2668 verum
192 2610 279 2667 etiam
306 2609 490 2684 magistratus
516 2607 622 2666 liberos
649 2609 718 2669 fore.
762 2610 828 2668 Hac
850 2619 954 2667 tamen
981 2609 1011 2666 in

69 2708 259 2783 oppressione
279 2724 375 2764 sermo
390 2707 419 2764 in
434 2705 545 2764 circulis
565 2707 713 2765 dumtaxat
727 2708 799 2766 etin
814 2707 949 2764 conviviis
969 2717 1012 2764 est

70 2805 194 2875 liberior,
208 2823 296 2881 quam
312 2805 364 2863 fuit
372 2824 381 2877 ;
402 2805 516 2862 vincere
530 2805 629 2881 incipit
644 2807 776 2864 timorem
791 2805 883 2875 dolor,
898 2804 1011 2874 sedita,

71 2912 104 2963 ut
132 2903 231 2960 omnia
259 2902 315 2960 sint
339 2903 506 2978 plenissima
538 2902 753 2978 desperationis.
795 2903 896 2961 Habet
926 2903 1013 2961 etiam

23 3046 30 3060 .
71 3001 225 3075 Campana
243 2999 289 3057 lex
309 3000 537 3058 exsecrationem
550 3000 580 3057 in
594 3001 730 3060 contione
748 2999 974 3070 candidatorum,
989 3001 1014 3058 si

72 3098 252 3159 mentionem
271 3097 398 3167 iecerint,
418 3115 476 3173 qua
494 3097 574 3155 aliter
592 3116 660 3173 ager
679 3098 859 3174 possideatur
877 3108 963 3173 atque
982 3107 1014 3157 ut

72 3216 110 3257 ex
129 3196 240 3272 legibus
258 3194 354 3254 Iuliis:
380 3214 441 3254 non
460 3195 590 3253 dubitant
608 3196 701 3255 iurare
722 3195 825 3268 ceteri3
850 3194 1014 3254 Laterensis

73 3294 251 3354 existimatur
283 3291 359 3350 laute
391 3291 502 3362 fecisse,
532 3293 611 3368 quod
643 3293 818 3350 tribunatum
847 3291 883 3367 pl
917 3303 1015 3368 petere

74 3391 190 3465 destitit,
204 3408 241 3448 ne
256 3389 370 3451 iuraret.
390 3439 393 3444 .
412 3408 439 3466 3.
463 3389 522 3464 Sed
536 3391 572 3449 de
590 3408 621 3449 re
640 3390 757 3467 publica
768 3407 835 3449 non
853 3390 923 3449 libet
934 3391 1017 3468 plura
