2392 3848
123 172 304 266 smum]
321 188 433 239 serra.
456 190 504 238 An
525 189 745 239 semimarcas
770 188 844 238 rrrr.
862 173 890 239 8.
1018 186 1061 255 95

123 339 177 399 sed
201 356 270 399 cum
298 349 415 399 senatus
442 338 558 398 habitus
586 350 662 399 esset
690 337 727 397 ad
751 337 892 415 Apollinis
920 354 945 394 a.
970 334 998 394 d.
1023 354 1060 394 xr.

124 436 192 497 Kal.
208 436 287 497 Sext.
302 447 330 496 et
350 437 499 496 referretur
517 436 554 496 de
574 437 717 513 stipendio
732 435 785 495 Cn.
800 434 938 511 Pompeii,
952 434 1062 491 mentio

123 533 201 595 faeta
220 545 265 593 est
284 536 320 594 de
339 534 452 610 legione
471 553 514 605 ea,
535 553 622 611 quam
642 552 799 609 expensam
817 532 879 590 tulit
898 530 931 590 C.
947 529 1063 589 Caesari

124 630 294 708 Pompeius,
317 649 375 708 quo
399 649 521 690 numero
547 642 630 702 esset,
654 631 752 706 quoad
777 640 925 705 peteretur.
956 626 1064 697 †Cum

125 727 286 804 Pompeius
308 734 388 786 ‘esse
408 729 439 785 in
462 726 574 799 Gallia,’
595 737 711 786 coactus
732 736 775 784 est
796 727 889 784 dicere
910 726 1065 802 Pompeius

125 838 159 881 se
178 821 325 898 legionem
345 820 543 891 abducturum,
558 821 609 879 sed
628 838 689 877 non
708 821 802 879 statim
822 820 875 877 sub
889 819 1066 877 mentionem

126 928 157 981 et
188 920 346 979 convitium
373 920 599 978 obtrectatorum
611 938 619 991 3
656 918 722 975 inde
749 918 938 994 interrogatus
964 923 1005 975 erl
1030 917 1066 976 de

126 1016 314 1077 successione
336 1014 369 1073 C.
388 1015 528 1085 Caesaris,
551 1017 588 1074 de
609 1035 667 1091 qua
689 1011 757 1096 [hoc
778 1026 822 1073 est
842 1014 878 1075 de
900 1010 1066 1096 provinciis]

126 1113 267 1193 placitum
292 1122 343 1183 est,
367 1123 398 1171 ut
423 1131 510 1188 quam
538 1114 664 1188 primum
692 1113 729 1170 ad
757 1113 856 1171 urbem
883 1122 1067 1171 reverteretur

128 1210 185 1271 Cn.
200 1209 366 1286 Pompeius,
381 1220 412 1268 ut
429 1228 526 1268 coram
543 1229 580 1267 eo
601 1211 636 1268 de
657 1211 838 1268 successione
858 1210 1067 1285 provinciarum

129 1318 264 1387 ageretur
274 1327 284 1381 3
315 1326 383 1365 nam
405 1308 568 1365 Ariminum
590 1308 626 1365 ad
651 1308 806 1365 exercitum
830 1307 984 1383 Pompeius
1008 1317 1068 1364 erat

128 1408 229 1477 ituruS,
250 1415 280 1463 et
300 1407 395 1464 statIm
416 1406 455 1462 iit.
497 1406 572 1463 Puto
594 1406 693 1463 Idibus
717 1405 793 1463 Sext.
811 1405 847 1463 de
868 1423 902 1463 ea
923 1424 953 1463 re
972 1415 1067 1464 actum

129 1504 174 1563 tri.
214 1501 349 1562 Profecto
370 1512 420 1560 aut
441 1503 612 1578 transigetur
633 1502 746 1577 ailquid,
769 1513 817 1561 aut
842 1504 959 1578 turpiter
982 1503 1067 1560 inter·

129 1600 258 1661 sedetur.
302 1599 379 1657 Nam
400 1601 430 1657 in
452 1600 626 1676 disputando
649 1601 772 1658 coniecit
793 1600 869 1658 illam
890 1619 991 1658 vocem
1013 1600 1065 1658 Cn.

129 1698 299 1775 Pompeius,
320 1716 423 1756 omnes
443 1708 576 1773 oportere
598 1699 708 1755 senatui
730 1698 806 1756 dicto
828 1698 976 1757 audientes
996 1717 1068 1756 esse.

129 1794 199 1873 Ego
234 1806 332 1855 tamen
367 1796 408 1853 sic
443 1795 513 1853 nihil
548 1806 693 1869 exspect0,
725 1814 782 1872 quo
816 1796 905 1854 modo
939 1796 1068 1866 Paulum,

131 1892 285 1955 consulem
319 1892 510 1969 designatum,
546 1893 671 1969 primum
709 1895 878 1952 sententiam
918 1894 1069 1954 dicentem.

132 2006 161 2067 5.
184 1990 307 2068 Saepius
335 2000 363 2049 te
392 1990 537 2049 admoneo
567 1991 603 2048 de
628 1992 792 2067 syngrapha
817 1992 952 2065 Sittiana;
984 1994 1070 2069 cupio

131 2090 213 2149 enirn
240 2099 269 2147 te
296 2088 461 2163 intellegere
488 2107 553 2147 eam
581 2107 642 2145 rem
666 2089 704 2146 ad
731 2108 778 2147 rne
802 2090 882 2148 valde
910 2091 1050 2166 pertinere
1061 2111 1070 2164 ;

131 2187 204 2247 item
233 2186 270 2245 de
296 2187 454 2262 pantheris,
477 2196 509 2244 ut
537 2185 687 2262 Cibyratas
715 2206 843 2246 arcessas
870 2207 1017 2265 curesque,
1039 2200 1071 2248 ut

132 2284 206 2345 mihi
233 2283 387 2355 vehantur;
422 2294 569 2360 praeterea
596 2283 756 2341 nuntiatum
787 2285 870 2343 nobIs
898 2293 938 2343 est
962 2297 991 2345 et
1017 2305 1071 2364 pro

132 2392 215 2443 certo
233 2381 292 2439 iam
312 2380 440 2450 habetur,
458 2399 556 2456 regem
573 2380 799 2438 Alexandrinum
820 2393 980 2456 mortuum;
1003 2386 1072 2460 quid

132 2479 206 2540 mihi
231 2479 362 2548 suadeas,
385 2497 444 2554 quo
468 2479 559 2537 modo
583 2497 705 2554 regnum
727 2480 794 2538 illud
817 2501 848 2540 se
872 2482 984 2553 habeat,
1009 2484 1073 2560 quis

131 2587 280 2657 procuret,
295 2577 444 2652 diligenter
457 2576 526 2634 mihi
542 2578 708 2653 perscribas.
752 2578 790 2636 K.
807 2578 883 2638 Sext.

321 2755 367 2808 34.
409 2749 466 2809 ΑΙ)
486 2749 736 2808 FAMILIARES
758 2751 842 2810 VIII.
865 2757 894 2813 8.

207 2860 275 2925 Scn.
298 2863 406 2924 Ronnr.
427 2884 552 2924 matura
573 2885 666 2924 nassa
687 2867 819 2927 Ocr'ounr
841 2886 923 2928 auc.
947 2880 962 2942 7
988 2886 1014 2943 3.

431 2990 550 3032 cramus
571 2991 704 3032 cressonr
724 2992 783 3032 sna.

180 3100 207 3143 r.
229 3081 301 3143 Essr
322 3085 359 3144 de
375 3101 406 3143 re
425 3086 540 3162 publica
560 3105 634 3162 quae
654 3088 703 3146 tibi
723 3090 845 3146 scribam
862 3089 965 3159 habeo,
980 3097 1078 3145 tamen

134 3181 209 3243 nihil
244 3183 326 3258 quod
358 3186 452 3258 magIs
482 3185 645 3259 gavisurum
680 3197 709 3244 te
739 3199 837 3263 putem
868 3187 962 3245 habeo
991 3205 1079 3262 quam

135 3278 214 3339 boc:
247 3281 321 3337 scito
350 3279 383 3338 C.
407 3281 611 3357 Sempronium
641 3283 759 3355 Rufum,
788 3280 933 3366 [Rufum]
959 3286 1016 3342 mel
1045 3304 1079 3343 ac

136 3376 258 3439 delicias
272 3388 347 3450 tuas,
358 3379 531 3439 calumniam
548 3382 676 3440 maximo
691 3382 794 3460 plausu
809 3382 914 3443 tulisse.
956 3383 1080 3455 Quaeris
