<?xml version="1.0" encoding="UTF-8"?>
<!DOCTYPE html PUBLIC "-//W3C//DTD XHTML 1.0 Transitional//EN"
    "http://www.w3.org/TR/xhtml1/DTD/xhtml1-transitional.dtd">
<html xmlns="http://www.w3.org/1999/xhtml" xml:lang="en" lang="en">
 <head>
  <title>
</title>
<meta http-equiv="Content-Type" content="text/html;charset=utf-8" />
  <meta name='ocr-system' content='tesseract 3.04.00' />
  <meta name='ocr-capabilities' content='ocr_page ocr_carea ocr_par ocr_line ocrx_word'/>
</head>
<body>
  <div class='ocr_page' id='page_1' title='image "./epistolaeselect00cicegoog/epistolaeselect00cicegoog_0277.png"; bbox 0 0 2392 3848; ppageno 0'>
   <div class='ocr_carea' id='block_1_1' title="bbox 53 206 996 291">
    <p class='ocr_par' dir='ltr' id='par_1_1' title="bbox 53 206 996 291">
     <span class='ocr_line' id='line_1_1' title="bbox 53 206 996 291; baseline 0 -20"><span class='ocrx_word' id='word_1_1' title='bbox 53 220 98 285; x_wconf 76' lang='lat' dir='ltr'>sp.</span> <span class='ocrx_word' id='word_1_2' title='bbox 109 206 246 291; x_wconf 55' lang='lat' dir='ltr'>nm]</span> <span class='ocrx_word' id='word_1_3' title='bbox 267 219 379 268; x_wconf 68' lang='lat' dir='ltr'>nerse.</span> <span class='ocrx_word' id='word_1_4' title='bbox 396 219 446 267; x_wconf 73' lang='lat' dir='ltr'>nn</span> <span class='ocrx_word' id='word_1_5' title='bbox 460 218 681 269; x_wconf 71' lang='lat' dir='ltr'><em>FAMILIARES</em></span> <span class='ocrx_word' id='word_1_6' title='bbox 695 220 759 270; x_wconf 81' lang='lat' dir='ltr'>xri.</span> <span class='ocrx_word' id='word_1_7' title='bbox 774 206 806 278; x_wconf 83' lang='grc' dir='ltr'>ό,</span> <span class='ocrx_word' id='word_1_8' title='bbox 936 208 996 272; x_wconf 84' lang='lat'>261</span> 
     </span>
    </p>
   </div>
   <div class='ocr_carea' id='block_1_2' title="bbox 53 368 1002 2295">
    <p class='ocr_par' dir='ltr' id='par_1_2' title="bbox 53 368 1002 2295">
     <span class='ocr_line' id='line_1_2' title="bbox 53 368 998 446; baseline 0.001 -20"><span class='ocrx_word' id='word_1_9' title='bbox 53 370 202 430; x_wconf 86' lang='lat' dir='ltr'>voluntate</span> <span class='ocrx_word' id='word_1_10' title='bbox 226 368 409 446; x_wconf 81' lang='lat' dir='ltr'>percrebruit,</span> <span class='ocrx_word' id='word_1_11' title='bbox 435 387 574 445; x_wconf 85' lang='lat' dir='ltr'>magnam</span> <span class='ocrx_word' id='word_1_12' title='bbox 599 387 630 427; x_wconf 89' lang='lat' dir='ltr'>es</span> <span class='ocrx_word' id='word_1_13' title='bbox 657 368 774 428; x_wconf 89' lang='lat' dir='ltr'>laudem</span> <span class='ocrx_word' id='word_1_14' title='bbox 802 378 977 427; x_wconf 92' lang='lat' dir='ltr'>consecutus</span> <span class='ocrx_word' id='word_1_15' title='bbox 989 387 998 441; x_wconf 88' lang='lat'>;</span> 
     </span>
     <span class='ocr_line' id='line_1_3' title="bbox 53 466 1000 544; baseline 0 -20"><span class='ocrx_word' id='word_1_16' title='bbox 53 467 152 544; x_wconf 89' lang='lat' dir='ltr'>itaque</span> <span class='ocrx_word' id='word_1_17' title='bbox 166 467 191 525; x_wconf 91' lang='lat' dir='ltr'>si</span> <span class='ocrx_word' id='word_1_18' title='bbox 205 466 354 525; x_wconf 90' lang='lat' dir='ltr'>consulem</span> <span class='ocrx_word' id='word_1_19' title='bbox 374 466 489 524; x_wconf 93' lang='lat' dir='ltr'>Romae</span> <span class='ocrx_word' id='word_1_20' title='bbox 506 466 715 538; x_wconf 89' lang='lat' dir='ltr'>habuissemus,</span> <span class='ocrx_word' id='word_1_21' title='bbox 731 467 908 524; x_wconf 88' lang='lat' dir='ltr'>declaratum</span> <span class='ocrx_word' id='word_1_22' title='bbox 922 477 1000 524; x_wconf 92' lang='lat' dir='ltr'>esset</span> 
     </span>
     <span class='ocr_line' id='line_1_4' title="bbox 53 564 1000 641; baseline -0.001 -18"><span class='ocrx_word' id='word_1_23' title='bbox 53 566 96 624; x_wconf 82' lang='lat' dir='ltr'>ab&#39;</span> <span class='ocrx_word' id='word_1_24' title='bbox 112 575 214 623; x_wconf 91' lang='lat' dir='ltr'>senatu</span> <span class='ocrx_word' id='word_1_25' title='bbox 229 582 296 623; x_wconf 92' lang='lat' dir='ltr'>cum</span> <span class='ocrx_word' id='word_1_26' title='bbox 311 565 367 622; x_wconf 93' lang='lat' dir='ltr'>tuis</span> <span class='ocrx_word' id='word_1_27' title='bbox 380 565 496 639; x_wconf 85' lang='lat' dir='ltr'>magnis</span> <span class='ocrx_word' id='word_1_28' title='bbox 518 564 686 634; x_wconf 88' lang='lat' dir='ltr'>honoribus,</span> <span class='ocrx_word' id='word_1_29' title='bbox 701 583 790 641; x_wconf 90' lang='lat' dir='ltr'>quam</span> <span class='ocrx_word' id='word_1_30' title='bbox 811 574 909 640; x_wconf 88' lang='lat' dir='ltr'>gratus</span> <span class='ocrx_word' id='word_1_31' title='bbox 924 576 1000 622; x_wconf 92' lang='lat' dir='ltr'>esset</span> 
     </span>
     <span class='ocr_line' id='line_1_5' title="bbox 54 662 1000 737; baseline -0.002 -15"><span class='ocrx_word' id='word_1_32' title='bbox 54 671 177 722; x_wconf 91' lang='lat' dir='ltr'>conatus</span> <span class='ocrx_word' id='word_1_33' title='bbox 205 671 233 720; x_wconf 90' lang='lat' dir='ltr'>et</span> <span class='ocrx_word' id='word_1_34' title='bbox 260 671 416 737; x_wconf 87' lang='lat' dir='ltr'>apparatus</span> <span class='ocrx_word' id='word_1_35' title='bbox 443 671 529 720; x_wconf 86' lang='lat' dir='ltr'>tuus:</span> <span class='ocrx_word' id='word_1_36' title='bbox 557 663 639 720; x_wconf 89' lang='lat' dir='ltr'>cuius</span> <span class='ocrx_word' id='word_1_37' title='bbox 666 662 708 721; x_wconf 87' lang='lat' dir='ltr'>rei</span> <span class='ocrx_word' id='word_1_38' title='bbox 734 680 795 720; x_wconf 94' lang='lat' dir='ltr'>non</span> <span class='ocrx_word' id='word_1_39' title='bbox 820 662 910 720; x_wconf 94' lang='lat' dir='ltr'>modo</span> <span class='ocrx_word' id='word_1_40' title='bbox 937 680 1000 720; x_wconf 93' lang='lat' dir='ltr'>non</span> 
     </span>
     <span class='ocr_line' id='line_1_6' title="bbox 54 746 1000 838; baseline 0 -20"><span class='ocrx_word' id='word_1_41' title='bbox 54 760 200 838; x_wconf 87' lang='lat' dir='ltr'>praeteriit</span> <span class='ocrx_word' id='word_1_42' title='bbox 221 769 344 834; x_wconf 92' lang='lat' dir='ltr'>tempus,</span> <span class='ocrx_word' id='word_1_43' title='bbox 366 758 418 816; x_wconf 92' lang='lat' dir='ltr'>sed</span> <span class='ocrx_word' id='word_1_44' title='bbox 442 777 480 816; x_wconf 91' lang='lat' dir='ltr'>ne</span> <span class='ocrx_word' id='word_1_45' title='bbox 502 767 647 816; x_wconf 89' lang='lat' dir='ltr'>maturum</span> <span class='ocrx_word' id='word_1_46' title='bbox 672 761 791 834; x_wconf 92' lang='lat' dir='ltr'>quidem</span> <span class='ocrx_word' id='word_1_47' title='bbox 811 746 898 817; x_wconf 79' lang='lat' dir='ltr'>etiam</span> <span class='ocrx_word' id='word_1_48' title='bbox 920 777 1000 818; x_wconf 91' lang='lat' dir='ltr'>nunc</span> 
     </span>
     <span class='ocr_line' id='line_1_7' title="bbox 54 855 1000 933; baseline -0.003 -16"><span class='ocrx_word' id='word_1_49' title='bbox 54 875 124 917; x_wconf 91' lang='lat' dir='ltr'>meo</span> <span class='ocrx_word' id='word_1_50' title='bbox 149 857 267 933; x_wconf 88' lang='lat' dir='ltr'>quidem</span> <span class='ocrx_word' id='word_1_51' title='bbox 292 857 398 914; x_wconf 92' lang='lat' dir='ltr'>iudicio</span> <span class='ocrx_word' id='word_1_52' title='bbox 423 855 491 928; x_wconf 91' lang='lat' dir='ltr'>fuit;</span> <span class='ocrx_word' id='word_1_53' title='bbox 521 857 546 914; x_wconf 93' lang='lat' dir='ltr'>is</span> <span class='ocrx_word' id='word_1_54' title='bbox 568 858 646 914; x_wconf 91' lang='lat' dir='ltr'>enim</span> <span class='ocrx_word' id='word_1_55' title='bbox 667 857 793 933; x_wconf 93' lang='lat' dir='ltr'>denique</span> <span class='ocrx_word' id='word_1_56' title='bbox 812 857 908 915; x_wconf 92' lang='lat' dir='ltr'>honos</span> <span class='ocrx_word' id='word_1_57' title='bbox 929 857 1000 914; x_wconf 92' lang='lat' dir='ltr'>mihi</span> 
     </span>
     <span class='ocr_line' id='line_1_8' title="bbox 54 955 1000 1030; baseline -0.001 -16"><span class='ocrx_word' id='word_1_58' title='bbox 54 955 144 1014; x_wconf 88' lang='lat' dir='ltr'>videri</span> <span class='ocrx_word' id='word_1_59' title='bbox 168 955 248 1025; x_wconf 92' lang='lat' dir='ltr'>solet,</span> <span class='ocrx_word' id='word_1_60' title='bbox 272 955 404 1030; x_wconf 92' lang='lat' dir='ltr'>quinon</span> <span class='ocrx_word' id='word_1_61' title='bbox 425 965 542 1030; x_wconf 90' lang='lat' dir='ltr'>propter</span> <span class='ocrx_word' id='word_1_62' title='bbox 564 973 647 1030; x_wconf 91' lang='lat' dir='ltr'>spem</span> <span class='ocrx_word' id='word_1_63' title='bbox 669 955 756 1013; x_wconf 93' lang='lat' dir='ltr'>futuri</span> <span class='ocrx_word' id='word_1_64' title='bbox 783 955 926 1024; x_wconf 88' lang='lat' dir='ltr'>beneficii,</span> <span class='ocrx_word' id='word_1_65' title='bbox 947 956 1000 1014; x_wconf 89' lang='lat' dir='ltr'>sed</span> 
     </span>
     <span class='ocr_line' id='line_1_9' title="bbox 54 1049 999 1133; baseline 0 -22"><span class='ocrx_word' id='word_1_66' title='bbox 54 1062 174 1130; x_wconf 91' lang='lat' dir='ltr'>propter</span> <span class='ocrx_word' id='word_1_67' title='bbox 187 1070 295 1127; x_wconf 84' lang='lat' dir='ltr'>magna</span> <span class='ocrx_word' id='word_1_68' title='bbox 315 1052 418 1109; x_wconf 89' lang='lat' dir='ltr'>merita</span> <span class='ocrx_word' id='word_1_69' title='bbox 437 1053 519 1110; x_wconf 91' lang='lat' dir='ltr'>claris</span> <span class='ocrx_word' id='word_1_70' title='bbox 537 1054 602 1110; x_wconf 87' lang='lat' dir='ltr'>viris</span> <span class='ocrx_word' id='word_1_71' title='bbox 623 1053 747 1111; x_wconf 85' lang='lat' dir='ltr'>defertur</span> <span class='ocrx_word' id='word_1_72' title='bbox 765 1049 808 1133; x_wconf 91' lang='lat' dir='ltr'>[et</span> <span class='ocrx_word' id='word_1_73' title='bbox 822 1049 928 1131; x_wconf 65' lang='lat' dir='ltr'>datur}</span> <span class='ocrx_word' id='word_1_74' title='bbox 973 1071 999 1111; x_wconf 87' lang='lat'>2.</span> 
     </span>
     <span class='ocr_line' id='line_1_10' title="bbox 55 1149 1000 1227; baseline -0.001 -19"><span class='ocrx_word' id='word_1_75' title='bbox 55 1149 126 1223; x_wconf 88' lang='lat' dir='ltr'>Qua</span> <span class='ocrx_word' id='word_1_76' title='bbox 139 1151 230 1222; x_wconf 90' lang='lat' dir='ltr'>re,·sit</span> <span class='ocrx_word' id='word_1_77' title='bbox 244 1150 335 1207; x_wconf 92' lang='lat' dir='ltr'>modo</span> <span class='ocrx_word' id='word_1_78' title='bbox 349 1149 444 1224; x_wconf 89' lang='lat' dir='ltr'>aliqua</span> <span class='ocrx_word' id='word_1_79' title='bbox 463 1167 509 1207; x_wconf 94' lang='lat' dir='ltr'>res</span> <span class='ocrx_word' id='word_1_80' title='bbox 523 1150 648 1227; x_wconf 89' lang='lat' dir='ltr'>publica,</span> <span class='ocrx_word' id='word_1_81' title='bbox 662 1150 692 1207; x_wconf 91' lang='lat' dir='ltr'>in</span> <span class='ocrx_word' id='word_1_82' title='bbox 706 1168 764 1225; x_wconf 91' lang='lat' dir='ltr'>qua</span> <span class='ocrx_word' id='word_1_83' title='bbox 778 1151 873 1208; x_wconf 91' lang='lat' dir='ltr'>honos</span> <span class='ocrx_word' id='word_1_84' title='bbox 888 1150 1000 1208; x_wconf 88' lang='lat' dir='ltr'>elucere</span> 
     </span>
     <span class='ocr_line' id='line_1_11' title="bbox 55 1247 1001 1326; baseline 0 -21"><span class='ocrx_word' id='word_1_85' title='bbox 55 1247 158 1326; x_wconf 84' lang='lat' dir='ltr'>possit,</span> <span class='ocrx_word' id='word_1_86' title='bbox 173 1248 318 1317; x_wconf 86' lang='lat' dir='ltr'>omnibus,</span> <span class='ocrx_word' id='word_1_87' title='bbox 333 1247 403 1304; x_wconf 92' lang='lat' dir='ltr'>mihi</span> <span class='ocrx_word' id='word_1_88' title='bbox 422 1247 516 1317; x_wconf 89' lang='lat' dir='ltr'>crede,</span> <span class='ocrx_word' id='word_1_89' title='bbox 530 1248 716 1323; x_wconf 87' lang='lat' dir='ltr'>amplissimis</span> <span class='ocrx_word' id='word_1_90' title='bbox 732 1247 890 1306; x_wconf 90' lang='lat' dir='ltr'>honoribus</span> <span class='ocrx_word' id='word_1_91' title='bbox 908 1247 1001 1305; x_wconf 90' lang='lat' dir='ltr'>abun·</span> 
     </span>
     <span class='ocr_line' id='line_1_12' title="bbox 56 1340 1001 1417; baseline 0.001 -18"><span class='ocrx_word' id='word_1_92' title='bbox 56 1340 156 1410; x_wconf 86' lang='lat' dir='ltr'>dabis;</span> <span class='ocrx_word' id='word_1_93' title='bbox 186 1341 210 1398; x_wconf 92' lang='lat' dir='ltr'>is</span> <span class='ocrx_word' id='word_1_94' title='bbox 236 1351 341 1411; x_wconf 90' lang='lat' dir='ltr'>autem,</span> <span class='ocrx_word' id='word_1_95' title='bbox 363 1340 413 1416; x_wconf 92' lang='lat' dir='ltr'>qui</span> <span class='ocrx_word' id='word_1_96' title='bbox 437 1359 502 1399; x_wconf 93' lang='lat' dir='ltr'>vere</span> <span class='ocrx_word' id='word_1_97' title='bbox 524 1341 663 1416; x_wconf 90' lang='lat' dir='ltr'>appellari</span> <span class='ocrx_word' id='word_1_98' title='bbox 690 1350 786 1417; x_wconf 91' lang='lat' dir='ltr'>potest</span> <span class='ocrx_word' id='word_1_99' title='bbox 814 1341 917 1413; x_wconf 91' lang='lat' dir='ltr'>honos,</span> <span class='ocrx_word' id='word_1_100' title='bbox 940 1359 1001 1400; x_wconf 95' lang='lat' dir='ltr'>non</span> 
     </span>
     <span class='ocr_line' id='line_1_13' title="bbox 55 1437 1001 1515; baseline 0.001 -19"><span class='ocrx_word' id='word_1_101' title='bbox 55 1437 277 1496; x_wconf 85' lang='lat' dir='ltr'>invitamentum</span> <span class='ocrx_word' id='word_1_102' title='bbox 295 1438 333 1495; x_wconf 89' lang='lat' dir='ltr'>ad</span> <span class='ocrx_word' id='word_1_103' title='bbox 352 1448 475 1513; x_wconf 92' lang='lat' dir='ltr'>tempus,</span> <span class='ocrx_word' id='word_1_104' title='bbox 491 1438 542 1496; x_wconf 93' lang='lat' dir='ltr'>sed</span> <span class='ocrx_word' id='word_1_105' title='bbox 564 1449 722 1514; x_wconf 85' lang='lat' dir='ltr'>perpetuae</span> <span class='ocrx_word' id='word_1_106' title='bbox 736 1439 846 1497; x_wconf 90' lang='lat' dir='ltr'>virtutis</span> <span class='ocrx_word' id='word_1_107' title='bbox 861 1449 905 1496; x_wconf 93' lang='lat' dir='ltr'>est</span> <span class='ocrx_word' id='word_1_108' title='bbox 919 1458 1001 1515; x_wconf 91' lang='lat' dir='ltr'>prae-</span> 
     </span>
     <span class='ocr_line' id='line_1_14' title="bbox 55 1533 1001 1611; baseline 0 -17"><span class='ocrx_word' id='word_1_109' title='bbox 55 1535 157 1595; x_wconf 89' lang='lat' dir='ltr'>mium.</span> <span class='ocrx_word' id='word_1_110' title='bbox 199 1533 297 1606; x_wconf 89' lang='lat' dir='ltr'>Quam</span> <span class='ocrx_word' id='word_1_111' title='bbox 316 1536 355 1592; x_wconf 94' lang='lat' dir='ltr'>ob</span> <span class='ocrx_word' id='word_1_112' title='bbox 374 1553 445 1606; x_wconf 92' lang='lat' dir='ltr'>rem,</span> <span class='ocrx_word' id='word_1_113' title='bbox 460 1535 500 1592; x_wconf 93' lang='lat' dir='ltr'>mi</span> <span class='ocrx_word' id='word_1_114' title='bbox 522 1534 637 1605; x_wconf 83' lang='lat' dir='ltr'>Plance,</span> <span class='ocrx_word' id='word_1_115' title='bbox 653 1536 789 1593; x_wconf 88' lang='lat' dir='ltr'>incumbe</span> <span class='ocrx_word' id='word_1_116' title='bbox 809 1544 871 1593; x_wconf 90' lang='lat' dir='ltr'>toto</span> <span class='ocrx_word' id='word_1_117' title='bbox 884 1546 1001 1611; x_wconf 90' lang='lat' dir='ltr'>pectore</span> 
     </span>
     <span class='ocr_line' id='line_1_15' title="bbox 56 1631 1002 1708; baseline -0.001 -16"><span class='ocrx_word' id='word_1_118' title='bbox 56 1632 96 1692; x_wconf 79' lang='lat' dir='ltr'>od</span> <span class='ocrx_word' id='word_1_119' title='bbox 116 1631 241 1703; x_wconf 90' lang='lat' dir='ltr'>laudem,</span> <span class='ocrx_word' id='word_1_120' title='bbox 263 1632 382 1689; x_wconf 89' lang='lat' dir='ltr'>subveni</span> <span class='ocrx_word' id='word_1_121' title='bbox 410 1632 527 1708; x_wconf 87' lang='lat' dir='ltr'>patriae,</span> <span class='ocrx_word' id='word_1_122' title='bbox 549 1632 690 1707; x_wconf 87' lang='lat' dir='ltr'>opitulare</span> <span class='ocrx_word' id='word_1_123' title='bbox 711 1631 849 1707; x_wconf 83' lang='lat' dir='ltr'>collegae,</span> <span class='ocrx_word' id='word_1_124' title='bbox 870 1633 1002 1691; x_wconf 90' lang='lat' dir='ltr'>omnium</span> 
     </span>
     <span class='ocr_line' id='line_1_16' title="bbox 55 1729 1000 1806; baseline 0.001 -18"><span class='ocrx_word' id='word_1_125' title='bbox 55 1731 188 1806; x_wconf 83' lang='lat' dir='ltr'>gentium</span> <span class='ocrx_word' id='word_1_126' title='bbox 197 1746 372 1787; x_wconf 91' lang='lat' dir='ltr'>consensum</span> <span class='ocrx_word' id='word_1_127' title='bbox 381 1739 409 1788; x_wconf 92' lang='lat' dir='ltr'>et</span> <span class='ocrx_word' id='word_1_128' title='bbox 424 1729 622 1787; x_wconf 88' lang='lat' dir='ltr'>incredibilem</span> <span class='ocrx_word' id='word_1_129' title='bbox 636 1729 880 1804; x_wconf 90' lang='lat' dir='ltr'>conspirationem</span> <span class='ocrx_word' id='word_1_130' title='bbox 889 1731 1000 1789; x_wconf 89' lang='lat' dir='ltr'>adiuva.</span> 
     </span>
     <span class='ocr_line' id='line_1_17' title="bbox 56 1826 1000 1901; baseline -0.005 -12"><span class='ocrx_word' id='word_1_131' title='bbox 56 1827 110 1889; x_wconf 88' lang='lat' dir='ltr'>Me</span> <span class='ocrx_word' id='word_1_132' title='bbox 137 1837 253 1886; x_wconf 88' lang='lat' dir='ltr'>tuorum</span> <span class='ocrx_word' id='word_1_133' title='bbox 274 1827 461 1885; x_wconf 88' lang='lat' dir='ltr'>consiliorum</span> <span class='ocrx_word' id='word_1_134' title='bbox 482 1826 650 1898; x_wconf 89' lang='lat' dir='ltr'>adiutorem,</span> <span class='ocrx_word' id='word_1_135' title='bbox 677 1827 823 1901; x_wconf 84' lang='lat' dir='ltr'>dignitatis</span> <span class='ocrx_word' id='word_1_136' title='bbox 850 1826 1000 1899; x_wconf 85' lang='lat' dir='ltr'>fautorem,</span> 
     </span>
     <span class='ocr_line' id='line_1_18' title="bbox 56 1924 1002 2000; baseline -0.004 -13"><span class='ocrx_word' id='word_1_137' title='bbox 56 1927 195 1987; x_wconf 92' lang='lat' dir='ltr'>omnibus</span> <span class='ocrx_word' id='word_1_138' title='bbox 214 1925 245 1982; x_wconf 89' lang='lat' dir='ltr'>in</span> <span class='ocrx_word' id='word_1_139' title='bbox 261 1926 348 1982; x_wconf 93' lang='lat' dir='ltr'>rebus</span> <span class='ocrx_word' id='word_1_140' title='bbox 367 1924 419 1983; x_wconf 90' lang='lat' dir='ltr'>tibi</span> <span class='ocrx_word' id='word_1_141' title='bbox 438 1925 646 1983; x_wconf 88' lang='lat' dir='ltr'>amicissimum</span> <span class='ocrx_word' id='word_1_142' title='bbox 660 1924 916 2000; x_wconf 90' lang='lat' dir='ltr'>fidelissimumque</span> <span class='ocrx_word' id='word_1_143' title='bbox 930 1942 1002 2000; x_wconf 76' lang='lat' dir='ltr'>cog·</span> 
     </span>
     <span class='ocr_line' id='line_1_19' title="bbox 56 2021 1001 2097; baseline -0.002 -13"><span class='ocrx_word' id='word_1_144' title='bbox 56 2041 180 2095; x_wconf 80' lang='lat' dir='ltr'>nosces3</span> <span class='ocrx_word' id='word_1_145' title='bbox 212 2023 251 2081; x_wconf 93' lang='lat' dir='ltr'>ad</span> <span class='ocrx_word' id='word_1_146' title='bbox 275 2040 324 2080; x_wconf 84' lang='lat' dir='ltr'>eas</span> <span class='ocrx_word' id='word_1_147' title='bbox 349 2022 427 2080; x_wconf 92' lang='lat' dir='ltr'>enim</span> <span class='ocrx_word' id='word_1_148' title='bbox 452 2039 569 2092; x_wconf 85' lang='lat' dir='ltr'>causas,</span> <span class='ocrx_word' id='word_1_149' title='bbox 584 2023 689 2097; x_wconf 91' lang='lat' dir='ltr'>quibus</span> <span class='ocrx_word' id='word_1_150' title='bbox 716 2021 791 2079; x_wconf 92' lang='lat' dir='ltr'>inter</span> <span class='ocrx_word' id='word_1_151' title='bbox 819 2039 874 2079; x_wconf 94' lang='lat' dir='ltr'>nos</span> <span class='ocrx_word' id='word_1_152' title='bbox 902 2039 1001 2082; x_wconf 90' lang='lat' dir='ltr'>amore</span> 
     </span>
     <span class='ocr_line' id='line_1_20' title="bbox 57 2119 1001 2196; baseline -0.005 -13"><span class='ocrx_word' id='word_1_153' title='bbox 57 2139 168 2192; x_wconf 85' lang='lat' dir='ltr'>sumus,</span> <span class='ocrx_word' id='word_1_154' title='bbox 177 2121 288 2191; x_wconf 89' lang='lat' dir='ltr'>officiis,</span> <span class='ocrx_word' id='word_1_155' title='bbox 302 2130 442 2178; x_wconf 88' lang='lat' dir='ltr'>vetustate</span> <span class='ocrx_word' id='word_1_156' title='bbox 456 2121 614 2191; x_wconf 92' lang='lat' dir='ltr'>coniuncti,</span> <span class='ocrx_word' id='word_1_157' title='bbox 628 2120 737 2196; x_wconf 85' lang='lat' dir='ltr'>patriae</span> <span class='ocrx_word' id='word_1_158' title='bbox 751 2119 854 2178; x_wconf 84' lang='lat' dir='ltr'>caritas</span> <span class='ocrx_word' id='word_1_159' title='bbox 870 2121 1001 2190; x_wconf 89' lang='lat' dir='ltr'>accessit,</span> 
     </span>
     <span class='ocr_line' id='line_1_21' title="bbox 57 2215 1000 2295; baseline -0.002 -17"><span class='ocrx_word' id='word_1_160' title='bbox 57 2236 151 2295; x_wconf 86' lang='lat' dir='ltr'>eaque</span> <span class='ocrx_word' id='word_1_161' title='bbox 164 2218 260 2277; x_wconf 82' lang='lat' dir='ltr'>effecit</span> <span class='ocrx_word' id='word_1_162' title='bbox 273 2229 304 2276; x_wconf 94' lang='lat' dir='ltr'>ut</span> <span class='ocrx_word' id='word_1_163' title='bbox 318 2230 396 2276; x_wconf 92' lang='lat' dir='ltr'>tuam</span> <span class='ocrx_word' id='word_1_164' title='bbox 411 2218 498 2275; x_wconf 91' lang='lat' dir='ltr'>vitam</span> <span class='ocrx_word' id='word_1_165' title='bbox 512 2217 684 2275; x_wconf 88' lang='lat' dir='ltr'>anteferrem</span> <span class='ocrx_word' id='word_1_166' title='bbox 698 2235 790 2275; x_wconf 91' lang='lat' dir='ltr'>meae.</span> <span class='ocrx_word' id='word_1_167' title='bbox 817 2235 860 2274; x_wconf 76' lang='grc' dir='ltr'>ιιι.</span> <span class='ocrx_word' id='word_1_168' title='bbox 875 2215 913 2274; x_wconf 88' lang='grc' dir='ltr'>Κ.</span> <span class='ocrx_word' id='word_1_169' title='bbox 928 2216 1000 2291; x_wconf 86' lang='lat' dir='ltr'>Apr.</span> 
     </span>
    </p>
   </div>
   <div class='ocr_carea' id='block_1_3' title="bbox 243 2372 824 2433">
    <p class='ocr_par' dir='ltr' id='par_1_3' title="bbox 243 2372 824 2433">
     <span class='ocr_line' id='line_1_22' title="bbox 243 2372 824 2433; baseline 0 -1"><span class='ocrx_word' id='word_1_170' title='bbox 243 2378 309 2432; x_wconf 84' lang='lat'>134.</span> <span class='ocrx_word' id='word_1_171' title='bbox 351 2373 408 2430; x_wconf 84' lang='lat' dir='ltr'>AD</span> <span class='ocrx_word' id='word_1_172' title='bbox 428 2372 682 2432; x_wconf 89' lang='lat' dir='ltr'><strong>FAMILIARES</strong></span> <span class='ocrx_word' id='word_1_173' title='bbox 705 2373 774 2433; x_wconf 92' lang='lat' dir='ltr'><strong>XII.</strong></span> <span class='ocrx_word' id='word_1_174' title='bbox 797 2377 824 2432; x_wconf 92' lang='lat'>6.</span> 
     </span>
    </p>
   </div>
   <div class='ocr_carea' id='block_1_4' title="bbox 210 2487 847 2653">
    <p class='ocr_par' dir='ltr' id='par_1_4' title="bbox 210 2487 847 2653">
     <span class='ocr_line' id='line_1_23' title="bbox 210 2487 847 2563; baseline 0 -16"><span class='ocrx_word' id='word_1_175' title='bbox 210 2488 276 2548; x_wconf 82' lang='lat' dir='ltr'>Son.</span> <span class='ocrx_word' id='word_1_176' title='bbox 300 2487 409 2546; x_wconf 76' lang='lat' dir='ltr'>Rounn</span> <span class='ocrx_word' id='word_1_177' title='bbox 429 2505 523 2545; x_wconf 83' lang='lat' dir='ltr'>uuusu</span> <span class='ocrx_word' id='word_1_178' title='bbox 543 2488 651 2546; x_wconf 78' lang='lat' dir='ltr'>Arium</span> <span class='ocrx_word' id='word_1_179' title='bbox 672 2506 755 2548; x_wconf 70' lang='lat' dir='ltr'>mue.</span> <span class='ocrx_word' id='word_1_180' title='bbox 780 2501 847 2563; x_wconf 80' lang='lat'>711.</span> 
     </span>
     <span class='ocr_line' id='line_1_24' title="bbox 380 2611 680 2653; baseline 0 -1"><span class='ocrx_word' id='word_1_181' title='bbox 380 2611 483 2652; x_wconf 84' lang='lat' dir='ltr'>crcuno</span> <span class='ocrx_word' id='word_1_182' title='bbox 504 2611 598 2653; x_wconf 74' lang='lat' dir='ltr'>cnssro</span> <span class='ocrx_word' id='word_1_183' title='bbox 619 2612 680 2652; x_wconf 75' lang='lat' dir='ltr'>suu.</span> 
     </span>
    </p>
   </div>
   <div class='ocr_carea' id='block_1_5' title="bbox 55 2708 1002 3467">
    <p class='ocr_par' dir='ltr' id='par_1_5' title="bbox 55 2708 1002 3467">
     <span class='ocr_line' id='line_1_25' title="bbox 102 2708 1001 2783; baseline -0.004 -11"><span class='ocrx_word' id='word_1_184' title='bbox 102 2730 129 2772; x_wconf 87' lang='lat'>1.</span> <span class='ocrx_word' id='word_1_185' title='bbox 150 2710 212 2783; x_wconf 85' lang='lat' dir='ltr'>Qut</span> <span class='ocrx_word' id='word_1_186' title='bbox 233 2719 322 2769; x_wconf 89' lang='lat' dir='ltr'>status</span> <span class='ocrx_word' id='word_1_187' title='bbox 341 2727 436 2766; x_wconf 92' lang='lat' dir='ltr'>rerum</span> <span class='ocrx_word' id='word_1_188' title='bbox 454 2708 538 2767; x_wconf 92' lang='lat' dir='ltr'>fuerit</span> <span class='ocrx_word' id='word_1_189' title='bbox 556 2719 627 2779; x_wconf 91' lang='lat' dir='ltr'>tum,</span> <span class='ocrx_word' id='word_1_190' title='bbox 643 2728 709 2767; x_wconf 90' lang='lat' dir='ltr'>cum</span> <span class='ocrx_word' id='word_1_191' title='bbox 729 2710 782 2768; x_wconf 90' lang='lat' dir='ltr'>has</span> <span class='ocrx_word' id='word_1_192' title='bbox 799 2709 905 2769; x_wconf 90' lang='lat' dir='ltr'>litteras</span> <span class='ocrx_word' id='word_1_193' title='bbox 926 2710 1001 2783; x_wconf 92' lang='lat' dir='ltr'>dedi,</span> 
     </span>
     <span class='ocr_line' id='line_1_26' title="bbox 55 2805 1002 2883; baseline -0.005 -13"><span class='ocrx_word' id='word_1_194' title='bbox 55 2811 132 2870; x_wconf 86' lang='lat' dir='ltr'>scire</span> <span class='ocrx_word' id='word_1_195' title='bbox 146 2807 253 2883; x_wconf 90' lang='lat' dir='ltr'>poteris</span> <span class='ocrx_word' id='word_1_196' title='bbox 268 2826 303 2865; x_wconf 85' lang='lat' dir='ltr'>ex</span> <span class='ocrx_word' id='word_1_197' title='bbox 318 2805 351 2864; x_wconf 92' lang='lat' dir='ltr'>C.</span> <span class='ocrx_word' id='word_1_198' title='bbox 366 2805 445 2863; x_wconf 91' lang='lat' dir='ltr'>Titio</span> <span class='ocrx_word' id='word_1_199' title='bbox 461 2805 611 2876; x_wconf 89' lang='lat' dir='ltr'>Strabone,</span> <span class='ocrx_word' id='word_1_200' title='bbox 625 2807 686 2864; x_wconf 92' lang='lat' dir='ltr'>viro</span> <span class='ocrx_word' id='word_1_201' title='bbox 703 2807 784 2864; x_wconf 91' lang='lat' dir='ltr'>bono</span> <span class='ocrx_word' id='word_1_202' title='bbox 798 2816 827 2864; x_wconf 90' lang='lat' dir='ltr'>et</span> <span class='ocrx_word' id='word_1_203' title='bbox 841 2808 950 2882; x_wconf 90' lang='lat' dir='ltr'>optime</span> <span class='ocrx_word' id='word_1_204' title='bbox 964 2809 1002 2866; x_wconf 94' lang='lat' dir='ltr'>de</span> 
     </span>
     <span class='ocr_line' id='line_1_27' title="bbox 56 2901 1001 2981; baseline -0.004 -16"><span class='ocrx_word' id='word_1_205' title='bbox 56 2924 89 2965; x_wconf 86' lang='lat' dir='ltr'>re</span> <span class='ocrx_word' id='word_1_206' title='bbox 111 2904 226 2981; x_wconf 92' lang='lat' dir='ltr'>publica</span> <span class='ocrx_word' id='word_1_207' title='bbox 247 2904 386 2961; x_wconf 89' lang='lat' dir='ltr'>sentiente</span> <span class='ocrx_word' id='word_1_208' title='bbox 397 2921 406 2973; x_wconf 90' lang='lat'>;</span> <span class='ocrx_word' id='word_1_209' title='bbox 428 2902 586 2977; x_wconf 89' lang='lat' dir='ltr'>namquid</span> <span class='ocrx_word' id='word_1_210' title='bbox 608 2902 702 2960; x_wconf 89' lang='lat' dir='ltr'>dicam</span> <span class='ocrx_word' id='word_1_211' title='bbox 719 2902 923 2978; x_wconf 89' lang='lat' dir='ltr'>‘cupidissimo</span> <span class='ocrx_word' id='word_1_212' title='bbox 943 2901 1001 2975; x_wconf 83' lang='lat' dir='ltr'>tui,’</span> 
     </span>
     <span class='ocr_line' id='line_1_28' title="bbox 55 2998 1001 3081; baseline -0.003 -19"><span class='ocrx_word' id='word_1_213' title='bbox 55 3005 110 3081; x_wconf 93' lang='lat' dir='ltr'>qui</span> <span class='ocrx_word' id='word_1_214' title='bbox 123 3003 213 3060; x_wconf 91' lang='lat' dir='ltr'>domo</span> <span class='ocrx_word' id='word_1_215' title='bbox 233 3010 261 3059; x_wconf 91' lang='lat' dir='ltr'>et</span> <span class='ocrx_word' id='word_1_216' title='bbox 283 3000 403 3057; x_wconf 89' lang='lat' dir='ltr'>fortunis</span> <span class='ocrx_word' id='word_1_217' title='bbox 421 2998 525 3057; x_wconf 90' lang='lat' dir='ltr'>relictis</span> <span class='ocrx_word' id='word_1_218' title='bbox 545 2998 583 3057; x_wconf 84' lang='lat' dir='ltr'>ad</span> <span class='ocrx_word' id='word_1_219' title='bbox 600 3008 627 3057; x_wconf 95' lang='lat' dir='ltr'>te</span> <span class='ocrx_word' id='word_1_220' title='bbox 649 2999 832 3074; x_wconf 76' lang='lat' dir='ltr'>potIssimum</span> <span class='ocrx_word' id='word_1_221' title='bbox 854 2999 1001 3074; x_wconf 91' lang='lat' dir='ltr'>profectus</span> 
     </span>
     <span class='ocr_line' id='line_1_29' title="bbox 58 3091 1002 3176; baseline -0.002 -16"><span class='ocrx_word' id='word_1_222' title='bbox 58 3101 116 3161; x_wconf 83' lang='lat' dir='ltr'>sit?</span> <span class='ocrx_word' id='word_1_223' title='bbox 145 3099 247 3176; x_wconf 90' lang='lat' dir='ltr'>Itaque</span> <span class='ocrx_word' id='word_1_224' title='bbox 272 3116 339 3156; x_wconf 93' lang='lat' dir='ltr'>eum</span> <span class='ocrx_word' id='word_1_225' title='bbox 362 3097 471 3155; x_wconf 88' lang='lat' dir='ltr'>tibine</span> <span class='ocrx_word' id='word_1_226' title='bbox 497 3097 673 3155; x_wconf 90' lang='lat' dir='ltr'>commendo</span> <span class='ocrx_word' id='word_1_227' title='bbox 698 3096 834 3173; x_wconf 83' lang='lat' dir='ltr'>quidem3</span> <span class='ocrx_word' id='word_1_228' title='bbox 861 3091 1002 3158; x_wconf 89' lang='lat' dir='ltr'>adventus</span> 
     </span>
     <span class='ocr_line' id='line_1_30' title="bbox 58 3193 1001 3278; baseline -0.005 -18"><span class='ocrx_word' id='word_1_229' title='bbox 58 3199 152 3278; x_wconf 91' lang='lat' dir='ltr'>ipsius</span> <span class='ocrx_word' id='word_1_230' title='bbox 173 3197 210 3255; x_wconf 89' lang='lat' dir='ltr'>ad</span> <span class='ocrx_word' id='word_1_231' title='bbox 232 3207 260 3255; x_wconf 88' lang='lat' dir='ltr'>te</span> <span class='ocrx_word' id='word_1_232' title='bbox 282 3197 351 3254; x_wconf 91' lang='lat' dir='ltr'>satis</span> <span class='ocrx_word' id='word_1_233' title='bbox 372 3213 438 3253; x_wconf 94' lang='lat' dir='ltr'>eum</span> <span class='ocrx_word' id='word_1_234' title='bbox 460 3193 684 3253; x_wconf 90' lang='lat' dir='ltr'>commendabit.</span> <span class='ocrx_word' id='word_1_235' title='bbox 727 3213 754 3253; x_wconf 86' lang='lat'>2.</span> <span class='ocrx_word' id='word_1_236' title='bbox 776 3193 825 3251; x_wconf 95' lang='lat' dir='ltr'>Tu</span> <span class='ocrx_word' id='word_1_237' title='bbox 845 3193 930 3252; x_wconf 91' lang='lat' dir='ltr'>velim</span> <span class='ocrx_word' id='word_1_238' title='bbox 959 3196 1001 3255; x_wconf 91' lang='lat' dir='ltr'>sic</span> 
     </span>
     <span class='ocr_line' id='line_1_31' title="bbox 60 3291 1000 3370; baseline 0.001 -20"><span class='ocrx_word' id='word_1_239' title='bbox 60 3293 208 3350; x_wconf 88' lang='lat' dir='ltr'>existimes</span> <span class='ocrx_word' id='word_1_240' title='bbox 229 3295 336 3370; x_wconf 90' lang='lat' dir='ltr'>tibique</span> <span class='ocrx_word' id='word_1_241' title='bbox 357 3292 539 3368; x_wconf 89' lang='lat' dir='ltr'>persuadeas,</span> <span class='ocrx_word' id='word_1_242' title='bbox 559 3310 648 3350; x_wconf 90' lang='lat' dir='ltr'>omne</span> <span class='ocrx_word' id='word_1_243' title='bbox 669 3291 834 3367; x_wconf 87' lang='lat' dir='ltr'>perfugium</span> <span class='ocrx_word' id='word_1_244' title='bbox 854 3291 1000 3350; x_wconf 92' lang='lat' dir='ltr'>bonorum</span> 
     </span>
     <span class='ocr_line' id='line_1_32' title="bbox 56 3386 1002 3467; baseline 0 -18"><span class='ocrx_word' id='word_1_245' title='bbox 56 3390 133 3449; x_wconf 84' lang='lat' dir='ltr'>inte</span> <span class='ocrx_word' id='word_1_246' title='bbox 149 3399 178 3447; x_wconf 90' lang='lat' dir='ltr'>et</span> <span class='ocrx_word' id='word_1_247' title='bbox 194 3386 285 3446; x_wconf 92' lang='lat' dir='ltr'>Bruto</span> <span class='ocrx_word' id='word_1_248' title='bbox 305 3405 369 3446; x_wconf 90' lang='lat' dir='ltr'>esse</span> <span class='ocrx_word' id='word_1_249' title='bbox 389 3390 522 3464; x_wconf 91' lang='lat' dir='ltr'>positum,</span> <span class='ocrx_word' id='word_1_250' title='bbox 539 3389 572 3461; x_wconf 91' lang='lat' dir='ltr'>si,</span> <span class='ocrx_word' id='word_1_251' title='bbox 587 3389 667 3466; x_wconf 95' lang='lat' dir='ltr'>quod</span> <span class='ocrx_word' id='word_1_252' title='bbox 687 3388 785 3463; x_wconf 89' lang='lat' dir='ltr'>nolim,</span> <span class='ocrx_word' id='word_1_253' title='bbox 799 3388 912 3448; x_wconf 86' lang='lat' dir='ltr'>adversi</span> <span class='ocrx_word' id='word_1_254' title='bbox 931 3389 1002 3467; x_wconf 91' lang='lat' dir='ltr'>quid</span> 
     </span>
    </p>
   </div>
   <div class='ocr_carea' id='block_1_6' title="bbox 0 0 1207 3848">
    <p class='ocr_par' dir='ltr' id='par_1_6' title="bbox 0 0 1207 3848">
     <span class='ocr_line' id='line_1_33' title="bbox 0 0 1207 3848; baseline 0 0"><span class='ocrx_word' id='word_1_255' title='bbox 0 0 1207 3848; x_wconf 95' lang='lat' dir='ltr'> </span> 
     </span>
    </p>
   </div>
  </div>
 </body>
</html>
