2392 3848
118 214 165 278 sp.
183 198 253 284 na]
309 211 422 265 oriar.
444 211 495 259 Ao
516 211 739 260 murmanus
760 213 825 260 κη.
850 217 878 263 a.
1003 215 1061 276 241

305 414 373 470 118.
413 410 471 469 AD
491 409 742 469 FAMILIARES
763 409 833 467 XII.
857 429 882 467 a.

164 523 230 586 Sca.
254 525 363 586 Rounrr
384 545 519 584 nxrunnn
539 544 634 584 unnsrr
655 524 822 583 Sarranum
843 543 926 583 nuc.
949 536 1016 596 710.

442 652 544 693 menno
565 651 659 692 cnss1o
679 650 741 693 sar..

167 763 193 804 1.
214 745 422 806 Vnflsnnn'run
439 748 530 806 laetor
548 747 601 804 tibi
621 746 737 823 probari
758 744 931 804 sententiam
952 754 980 801 et
1001 761 1065 802 ora-

121 843 234 901 tionem
260 862 373 915 meam3
403 863 462 920 qua
490 844 515 904 si
542 844 659 918 saepius
686 842 728 900 uti
755 842 861 911 liceret,
890 841 960 898 nihil
988 852 1064 898 esset

122 940 234 1015 negotii
247 940 407 999 libertatem
421 950 450 998 et
464 959 525 998 rem
538 941 685 1017 publicam
698 940 864 1014 reciperare.
902 938 960 996 Sed
974 938 1064 996 homo

122 1054 226 1096 amens
239 1048 268 1095 et
281 1038 409 1114 perditus
423 1038 573 1113 multoque
587 1038 709 1112 nequior
723 1055 812 1112 quarn
826 1037 873 1094 ille
891 1037 962 1111 ipse,
978 1054 1065 1110 quern

123 1143 156 1195 tu
186 1135 397 1210 nequissimum
430 1136 560 1193 occisum
595 1153 659 1193 esse
692 1135 795 1205 dixisti,
824 1135 921 1193 caedis
954 1134 1065 1190 initium

123 1231 244 1307 quaerit,
259 1231 426 1306 nullamque
440 1232 525 1289 aliam
545 1233 584 1289 ob
604 1250 723 1290 causam
741 1250 790 1290 me
809 1243 957 1290 auctorem
977 1231 1065 1288 fuisse

123 1327 258 1387 Caesaris
279 1328 468 1387 interficiendi
490 1330 663 1400 criminatur,
684 1331 739 1388 nisi
763 1341 795 1388 ut
819 1331 850 1387 in
870 1348 917 1386 me
939 1331 1065 1387 veterani

123 1427 296 1486 incitentur:
318 1428 400 1502 quod
424 1446 481 1503 ego
506 1427 666 1503 periculum
690 1446 752 1485 non
776 1429 953 1498 extimesco;
975 1428 1065 1485 modo

123 1525 210 1583 vestri
224 1525 290 1584 facti
303 1527 427 1601 gloriam
441 1544 509 1584 cum
522 1545 589 1584 mea
602 1526 687 1584 laude
702 1527 905 1584 communicet.
947 1525 992 1583 Ita
1013 1544 1066 1583 nec

124 1620 234 1693 Pisoni,
249 1623 299 1698 qui
313 1622 343 1679 in
357 1640 425 1680 eum
439 1623 550 1697 primus
569 1623 698 1681 invectus
718 1634 762 1680 est
781 1623 859 1680 nullo
879 1623 1066 1691 adsentiente,

124 1738 181 1780 nec
195 1720 274 1790 mihi,
283 1720 333 1796 qui
347 1721 424 1778 idem
438 1721 604 1778 tricensimo
618 1733 686 1796 post
700 1721 745 1778 die
761 1721 824 1790 feci,
836 1740 890 1778 nec
902 1721 933 1778 P.
940 1720 1066 1788 Servilio,

125 1819 176 1895 qui
203 1837 252 1877 me
279 1828 324 1876 est
351 1830 534 1891 consecutus,
557 1828 619 1877 tuto
646 1821 677 1876 in
706 1830 838 1877 senatum
866 1821 961 1877 venire
985 1820 1066 1878 licet:

125 1917 248 1977 caedem
269 1917 347 1974 enim
368 1917 510 1992 gladiator
527 1919 638 1993 quaerit
657 1918 775 1992 eiusque
794 1918 906 1975 initium
926 1936 950 1975 a.
966 1919 992 1976 d.
1008 1937 1067 1975 xur.

126 2015 194 2074 Kal.
210 2014 330 2074 Octobr.
344 2033 362 2072 a
379 2033 428 2072 me
447 2034 479 2073 se
498 2015 641 2073 facturum
660 2018 776 2091 putavit,
791 2017 828 2074 ad
845 2035 933 2091 quem
951 2028 1068 2092 paratus

125 2122 252 2183 venerat,
267 2131 335 2172 cum
353 2114 383 2169 in
398 2113 462 2170 villa
476 2113 587 2172 Metelli
602 2114 765 2189 complures
780 2116 841 2172 dies
856 2126 1068 2173 commentatus

126 2221 212 2271 esset.
254 2211 339 2283 Quae
364 2221 461 2269 autem
486 2211 516 2268 in
539 2211 634 2270 lustris
659 2222 688 2270 et
712 2212 742 2270 in
766 2214 834 2270 vino
862 2216 1068 2271 commentatio

126 2311 222 2388 potuit
241 2311 325 2367 esse?
347 2310 443 2384 itaque
468 2310 605 2367 omnibus
629 2319 674 2367 est
697 2311 782 2381 visuS,
804 2321 836 2369 ut
864 2312 901 2369 ad
928 2321 957 2369 te
985 2322 1069 2369 antea

125 2408 237 2483 scripsi,
251 2424 368 2464 vomere
389 2425 442 2464 suo
461 2426 551 2475 more,
567 2426 628 2464 non
649 2408 753 2466 dicere.
798 2429 823 2466 2.
846 2409 914 2480 Qua
935 2429 973 2479 re,
989 2411 1069 2485 quod

126 2506 228 2565 scribis
243 2516 270 2563 te
285 2504 430 2562 confidere
445 2506 613 2563 auctoritate
628 2517 657 2564 et
671 2507 835 2582 eloquentia
850 2518 948 2565 nostra
961 2509 1069 2582 aliquid

125 2603 230 2680 profici
248 2620 345 2677 posse,
360 2619 420 2659 non
442 2603 521 2672 nihil,
536 2613 566 2660 ut
580 2603 610 2660 in
624 2605 709 2662 tantis
723 2605 815 2671 malis
830 2615 874 2663 est
887 2605 1067 2680 profectum:

125 2701 265 2776 intellegit
279 2702 357 2758 enim
370 2701 497 2776 populus
512 2701 664 2760 Romanus
679 2712 736 2761 tres
750 2721 814 2761 esse
829 2704 1004 2773 consulares,
1020 2707 1069 2779 qui

125 2800 204 2877 quia,
218 2818 287 2873 quae
300 2798 337 2856 de
352 2818 381 2856 re
396 2800 512 2875 publica
531 2801 605 2857 bene
626 2802 774 2869 senserint,
790 2801 877 2860 libere
896 2804 984 2860 locuti
1004 2805 1069 2873 sint,

125 2907 189 2958 tuto
209 2897 239 2954 in
257 2908 390 2954 senatum
410 2899 506 2956 venire
526 2916 586 2955 non
608 2901 729 2974 possint.
772 2899 835 2958 Nec
857 2909 900 2958 est
921 2912 1070 2975 praeterea

125 2995 208 3073 quod
224 2995 380 3070 quicquam
402 3005 564 3070 exspectes;
586 3005 651 3055 tuus
671 2998 749 3054 enim
769 2998 948 3055 necessarius
969 2998 1069 3056 adfini·

125 3104 185 3153 tate
218 3110 293 3150 nova
326 3093 500 3151 delectatur:
537 3095 632 3168 itaque
665 3096 723 3152 iam
755 3113 816 3153 non
847 3104 891 3152 est
924 3096 1069 3157 studiosus

125 3191 262 3261 ludorum
282 3189 452 3266 infinitoque
472 3192 564 3251 fratris
585 3195 625 3250 tui
646 3194 748 3269 plausu
769 3194 947 3269 dirumpitur.
989 3195 1071 3254 Alter

124 3291 197 3350 item
219 3287 321 3345 adfinis
347 3290 429 3347 novis
454 3293 669 3349 commentariis
694 3290 826 3350 Caesaris
851 3291 992 3351 delenitus
1016 3306 1067 3352 est.

125 3387 187 3456 Sed
207 3385 282 3444 haec
303 3385 476 3446 tolerabilia:
499 3389 568 3451 illud
589 3407 650 3448 non
671 3389 830 3458 ferendum,
851 3390 930 3467 quod
953 3401 1005 3462 est,
1021 3393 1070 3469 qui

591 3505 611 3546 n
