2392 3848
124 224 169 293 up
183 210 241 299 aa]
336 224 449 279 aaran
471 224 521 275 An
541 224 708 276 arricum
730 227 806 276 vrrs.
829 232 859 298 9.
1005 233 1065 299 139

122 378 193 440 belli
211 376 310 448 fuisse,
326 376 380 436 etsi
400 374 431 435 id
450 394 482 435 re
502 385 687 452 perspectum
708 386 759 447 est,
777 386 876 435 tamen
897 393 934 434 eo
955 377 1065 453 scripsi,

122 492 185 555 quo
195 476 226 533 in
236 473 387 533 suadendo
398 472 463 549 plus
478 475 655 532 auctoritatis
668 474 814 545 haberem,
826 473 988 550 eodemque
1002 493 1067 550 per-

122 576 204 645 tinet,
218 571 301 649 quod
319 588 438 630 causam
454 571 516 630 eius
530 572 633 647 probo.
677 590 704 629 a.
726 569 785 629 Sed
798 572 869 647 quid
881 571 954 630 haec
968 572 1067 630 nunc?

121 672 237 733 utinum
255 668 364 744 aliquid
384 666 545 744 proiectum
566 670 659 726 esset!
678 686 716 726 ne
737 686 793 744 ego
816 669 885 727 istas
907 669 1013 728 litteras
1035 669 1066 726 in

122 768 264 831 contione
286 765 398 824 recitari
419 764 514 835 velim,
536 765 561 824 si
585 765 702 841 quidem
724 765 771 823 ille
795 765 858 840 ipse
881 766 919 824 ad
941 765 1068 824 eundem

122 866 256 929 scribens
273 863 304 921 in
325 862 441 938 publico
460 863 613 939 proposuit
631 863 784 937 epistolam
806 864 893 934 illam,
907 864 937 921 in
952 882 1010 939 qua
1024 873 1068 922 est

124 968 200 1041 ‘pro
213 962 271 1020 tuis
284 960 371 1018 rebus
382 960 470 1035 gestis
481 958 683 1035 amplissimis!
725 960 960 1037 Amplioribusne
979 979 1068 1037 quam

122 1060 194 1131 suis,
218 1074 307 1135 quam
334 1055 485 1115 Africani?
530 1055 575 1114 Ita
601 1065 717 1132 tempus
744 1057 868 1127 ferebat3
898 1059 923 1115 si
950 1057 1068 1133 quidem

122 1157 215 1217 etiam
235 1172 288 1214 vos
312 1153 372 1212 duo
392 1153 463 1212 tales
484 1153 522 1211 ad
542 1154 676 1228 quintum
697 1155 969 1231 miliarium—quid
989 1173 1068 1213 nunc

122 1254 224 1331 ipsum
237 1253 315 1311 unde
329 1270 361 1311 se
375 1251 531 1326 recipienti,
542 1251 612 1326 quid
625 1252 730 1326 agenti,
741 1253 810 1328 quid
824 1254 943 1311 acturo?
959 1262 1068 1329 quanto

122 1359 226 1411 eutem
247 1349 372 1408 ferocius
392 1349 438 1408 ille
461 1367 564 1408 causae
587 1366 656 1407 suae
679 1350 814 1421 confidet,
832 1368 899 1409 cum
920 1367 981 1420 vos,
1001 1368 1069 1407 cum

123 1448 214 1509 vestri
228 1447 335 1505 similes
350 1465 411 1505 non
424 1447 515 1505 modo
529 1446 703 1521 frequentes,
718 1447 771 1505 sed
786 1447 862 1505 laeto
876 1447 954 1505 voltu
972 1458 1069 1524 gratu·

122 1546 221 1607 lantes
234 1545 355 1603 viderit?
390 1544 488 1602 ‘Num
501 1545 587 1619 igitur
601 1563 756 1620 peccamus
767 1545 790 1602 i'
805 1546 924 1602 minime
938 1563 991 1602 vos
1005 1546 1069 1620 qui-

125 1642 216 1714 dem3
240 1640 293 1701 sed
313 1650 411 1700 tamen
431 1642 516 1717 signa
536 1643 750 1712 conturbantur,
771 1643 875 1718 quibus
898 1641 1031 1699 voluntas
1052 1660 1070 1700 a

125 1738 310 1799 simulatione
325 1739 460 1813 distingui
474 1747 581 1816 posset.
624 1737 708 1809 Quae
722 1756 790 1796 vero
805 1748 922 1797 senatus
937 1739 1070 1797 consulta

124 1838 234 1897 video?
255 1837 307 1896 sed
325 1839 458 1912 apertius,
474 1855 562 1913 quam
577 1855 795 1914 proposueram.
839 1856 865 1911 3.
886 1837 952 1911 Ego
967 1837 1070 1910 Arpini

125 1933 196 1993 volo
209 1951 274 1993 esse
288 1934 380 2009 pridie
394 1934 470 2005 Kal,
483 1934 587 1991 deinde
602 1934 709 1990 circum
719 1932 828 1992 villulas
843 1941 955 1991 nostras
966 1951 1069 2004 errare,

126 2048 203 2109 quas
215 2030 342 2089 visumm
356 2048 404 2089 me
418 2040 520 2107 postea
535 2031 691 2105 desperavi.
734 2033 831 2104 Εὑγενῆ
845 2040 895 2089 tua
909 2030 1028 2088 consilia
1042 2040 1072 2089 et

125 2139 228 2189 tamen
242 2146 296 2204 pro
313 2129 492 2203 temporibus
511 2145 572 2185 non
591 2128 706 2186 incauta
723 2128 794 2184 mihi
808 2126 890 2185 valde
904 2129 1069 2202 probantur.

126 2224 243 2302 Lepido
264 2224 493 2301 quidem-nam
513 2224 573 2282 fere
594 2225 829 2298 συνδιημερεύομεν,
843 2225 924 2300 quod
943 2226 1071 2300 gratissi·

125 2341 211 2383 mum
237 2322 277 2379 illi
303 2331 549 2397 est—numquam
576 2321 683 2396 placuit
706 2339 743 2378 ex
765 2321 848 2379 Italia
873 2322 959 2392 exire,
984 2321 1071 2380 Tullo

126 2418 221 2479 multo
240 2419 352 2490 minus3
374 2420 475 2477 crebro
497 2418 575 2477 enim
595 2417 668 2475 illius
690 2416 798 2475 litterae
820 2419 856 2476 ab
877 2418 938 2476 aliis
959 2419 997 2476 ad
1015 2436 1071 2476 nos

127 2525 305 2577 commeant.
347 2514 406 2573 Sed
438 2534 486 2573 me
519 2514 633 2572 illorum
662 2515 821 2572 sententiae
849 2516 945 2573 minus
972 2534 1072 2573 move-

127 2616 217 2685 bant3
245 2614 341 2672 minus
366 2613 456 2670 multa
480 2612 619 2670 dederant
643 2611 681 2668 illi
705 2613 746 2669 rei
770 2612 903 2687 publicae
930 2613 1072 2688 pignora:

127 2722 181 2771 tua
206 2728 256 2770 me
284 2710 400 2769 hercule
427 2711 582 2768 auctoritas
617 2709 801 2767 vehementer
834 2721 946 2782 movet;
981 2711 1073 2768 adfert

129 2809 210 2869 enim
234 2815 263 2866 et
286 2808 387 2884 reliqui
407 2809 545 2883 temporis
565 2808 755 2883 recuperandi
775 2809 917 2865 rationem
938 2817 967 2866 et
989 2826 1071 2884 prae-

128 2906 222 2965 sentis
242 2905 349 2964 tuendi.
391 2904 458 2977 Sed,
474 2906 595 2964 obsecro
615 2915 651 2976 te,
666 2905 736 2980 quid
757 2904 813 2962 hoc
832 2905 964 2963 miserius
984 2923 1072 2981 quarn

127 3002 252 3063 alterum
279 3004 396 3080 plausus
423 3004 453 3061 in
480 3003 648 3060 foedissima
671 3020 760 3061 causa
784 3020 930 3078 quaerere,
952 3002 1072 3060 alterum

125 3101 309 3177 ,offensiones
326 3102 356 3158 in
375 3101 505 3177 optima?
526 3101 647 3158 alterum
666 3100 821 3158 existimari
841 3110 1073 3159 conservatorem

128 3198 324 3269 inimicorum,
338 3198 457 3256 alterum
473 3197 651 3256 desertorem
664 3197 844 3255 amicorum?
866 3206 894 3254 et
912 3197 1076 3257 mehercule

129 3297 264 3373 quamvis
292 3314 424 3355 amemus
451 3294 587 3353 Gnaeum
613 3304 753 3365 nostrum,
782 3302 813 3351 ut
840 3303 868 3352 et
896 3295 1016 3354 iacimus
1046 3306 1075 3355 et

130 3392 281 3465 debemus,
305 3402 403 3453 tanmn
430 3391 496 3466 hoc,
521 3391 601 3472 quod
627 3392 730 3450 talibus
757 3392 823 3450 viris
850 3409 911 3450 non
936 3394 1076 3467 subvenit,
