<?xml version="1.0" encoding="UTF-8"?>
<!DOCTYPE html PUBLIC "-//W3C//DTD XHTML 1.0 Transitional//EN"
    "http://www.w3.org/TR/xhtml1/DTD/xhtml1-transitional.dtd">
<html xmlns="http://www.w3.org/1999/xhtml" xml:lang="en" lang="en">
 <head>
  <title>
</title>
<meta http-equiv="Content-Type" content="text/html;charset=utf-8" />
  <meta name='ocr-system' content='tesseract 3.04.00' />
  <meta name='ocr-capabilities' content='ocr_page ocr_carea ocr_par ocr_line ocrx_word'/>
</head>
<body>
  <div class='ocr_page' id='page_1' title='image "./epistolaeselect00cicegoog/epistolaeselect00cicegoog_0239.png"; bbox 0 0 2392 3848; ppageno 0'>
   <div class='ocr_carea' id='block_1_1' title="bbox 124 165 1066 257">
    <p class='ocr_par' dir='ltr' id='par_1_1' title="bbox 124 165 1066 257">
     <span class='ocr_line' id='line_1_1' title="bbox 124 165 1066 257; baseline 0.008 -28"><span class='ocrx_word' id='word_1_1' title='bbox 124 180 166 245; x_wconf 73' lang='lat' dir='ltr'><strong>ap.</strong></span> <span class='ocrx_word' id='word_1_2' title='bbox 180 165 317 257; x_wconf 80' lang='lat'><strong>¹07,108.]</strong></span> <span class='ocrx_word' id='word_1_3' title='bbox 341 182 454 235; x_wconf 77' lang='lat' dir='ltr'><strong>arran</strong></span> <span class='ocrx_word' id='word_1_4' title='bbox 470 181 520 231; x_wconf 74' lang='lat' dir='ltr'><strong>an</strong></span> <span class='ocrx_word' id='word_1_5' title='bbox 541 182 706 233; x_wconf 75' lang='lat' dir='ltr'><strong>Arrrcurr</strong></span> <span class='ocrx_word' id='word_1_6' title='bbox 725 186 796 238; x_wconf 78' lang='lat' dir='ltr'><strong>xrr.</strong></span> <span class='ocrx_word' id='word_1_7' title='bbox 823 189 873 237; x_wconf 86' lang='lat'><strong>12.</strong></span> <span class='ocrx_word' id='word_1_8' title='bbox 1003 188 1066 256; x_wconf 86' lang='lat'><strong>223</strong></span> 
     </span>
    </p>
   </div>
   <div class='ocr_carea' id='block_1_2' title="bbox 121 330 1068 1191">
    <p class='ocr_par' dir='ltr' id='par_1_2' title="bbox 121 330 1068 1191">
     <span class='ocr_line' id='line_1_2' title="bbox 123 330 1067 408; baseline 0.001 -19"><span class='ocrx_word' id='word_1_9' title='bbox 123 330 280 407; x_wconf 77' lang='lat' dir='ltr'><strong>recipiam3</strong></span> <span class='ocrx_word' id='word_1_10' title='bbox 301 331 429 408; x_wconf 89' lang='lat' dir='ltr'><strong>postulat</strong></span> <span class='ocrx_word' id='word_1_11' title='bbox 440 332 518 390; x_wconf 91' lang='lat' dir='ltr'><strong>enim</strong></span> <span class='ocrx_word' id='word_1_12' title='bbox 532 332 590 391; x_wconf 87' lang='lat' dir='ltr'><strong>hoc</strong></span> <span class='ocrx_word' id='word_1_13' title='bbox 602 331 713 391; x_wconf 83' lang='lat' dir='ltr'>Hirtius</span> <span class='ocrx_word' id='word_1_14' title='bbox 727 342 759 392; x_wconf 93' lang='lat' dir='ltr'><strong>ut</strong></span> <span class='ocrx_word' id='word_1_15' title='bbox 772 333 885 392; x_wconf 90' lang='lat' dir='ltr'><strong>faciam.</strong></span> <span class='ocrx_word' id='word_1_16' title='bbox 928 346 955 407; x_wconf 84' lang='lat'><strong>5.</strong></span> <span class='ocrx_word' id='word_1_17' title='bbox 978 332 1067 408; x_wconf 87' lang='lat' dir='ltr'><strong>Rogo</strong></span> 
     </span>
     <span class='ocr_line' id='line_1_3' title="bbox 123 429 1067 507; baseline 0.004 -23"><span class='ocrx_word' id='word_1_18' title='bbox 123 444 176 487; x_wconf 86' lang='lat' dir='ltr'><strong>vos</strong></span> <span class='ocrx_word' id='word_1_19' title='bbox 203 445 293 505; x_wconf 89' lang='lat' dir='ltr'><strong>quam</strong></span> <span class='ocrx_word' id='word_1_20' title='bbox 321 429 448 507; x_wconf 91' lang='lat' dir='ltr'><strong>primum</strong></span> <span class='ocrx_word' id='word_1_21' title='bbox 479 430 550 487; x_wconf 95' lang='lat' dir='ltr'><strong>mihi</strong></span> <span class='ocrx_word' id='word_1_22' title='bbox 577 431 848 489; x_wconf 87' lang='lat' dir='ltr'><strong>rescribatis-nam</strong></span> <span class='ocrx_word' id='word_1_23' title='bbox 876 449 937 489; x_wconf 90' lang='lat' dir='ltr'><strong>non</strong></span> <span class='ocrx_word' id='word_1_24' title='bbox 966 431 1067 489; x_wconf 90' lang='lat' dir='ltr'><strong>dubito</strong></span> 
     </span>
     <span class='ocr_line' id='line_1_4' title="bbox 122 524 1067 604; baseline 0.004 -22"><span class='ocrx_word' id='word_1_25' title='bbox 122 524 196 601; x_wconf 91' lang='lat' dir='ltr'><strong>quin</strong></span> <span class='ocrx_word' id='word_1_26' title='bbox 210 524 248 583; x_wconf 91' lang='lat' dir='ltr'><strong>de</strong></span> <span class='ocrx_word' id='word_1_27' title='bbox 268 524 314 584; x_wconf 91' lang='lat' dir='ltr'><strong>his</strong></span> <span class='ocrx_word' id='word_1_28' title='bbox 328 528 415 585; x_wconf 91' lang='lat' dir='ltr'><strong>rebus</strong></span> <span class='ocrx_word' id='word_1_29' title='bbox 429 538 496 586; x_wconf 89' lang='lat' dir='ltr'><strong>ante</strong></span> <span class='ocrx_word' id='word_1_30' title='bbox 516 529 619 586; x_wconf 92' lang='lat' dir='ltr'><strong>horam</strong></span> <span class='ocrx_word' id='word_1_31' title='bbox 633 539 764 604; x_wconf 85' lang='lat' dir='ltr'><strong>quartam</strong></span> <span class='ocrx_word' id='word_1_32' title='bbox 783 527 897 587; x_wconf 88' lang='lat' dir='ltr'>Hirtius</span> <span class='ocrx_word' id='word_1_33' title='bbox 916 529 1067 586; x_wconf 85' lang='lat' dir='ltr'><strong>certiorem</strong></span> 
     </span>
     <span class='ocr_line' id='line_1_5' title="bbox 121 622 1067 702; baseline 0.003 -21"><span class='ocrx_word' id='word_1_34' title='bbox 121 640 172 682; x_wconf 88' lang='lat' dir='ltr'><strong>me</strong></span> <span class='ocrx_word' id='word_1_35' title='bbox 197 623 233 682; x_wconf 91' lang='lat' dir='ltr'><strong>sit</strong></span> <span class='ocrx_word' id='word_1_36' title='bbox 254 622 429 697; x_wconf 79' lang='lat' dir='ltr'><strong>facturus—3</strong></span> <span class='ocrx_word' id='word_1_37' title='bbox 451 643 539 702; x_wconf 89' lang='lat' dir='ltr'><strong>quern</strong></span> <span class='ocrx_word' id='word_1_38' title='bbox 559 626 590 684; x_wconf 91' lang='lat' dir='ltr'><strong>in</strong></span> <span class='ocrx_word' id='word_1_39' title='bbox 617 626 714 684; x_wconf 89' lang='lat' dir='ltr'><strong>locum</strong></span> <span class='ocrx_word' id='word_1_40' title='bbox 736 626 890 685; x_wconf 85' lang='lat' dir='ltr'><strong>convenire</strong></span> <span class='ocrx_word' id='word_1_41' title='bbox 910 627 1067 702; x_wconf 89' lang='lat' dir='ltr'><strong>possimus,</strong></span> 
     </span>
     <span class='ocr_line' id='line_1_6' title="bbox 121 720 1068 797; baseline 0.001 -18"><span class='ocrx_word' id='word_1_42' title='bbox 121 737 185 797; x_wconf 90' lang='lat' dir='ltr'><strong>quo</strong></span> <span class='ocrx_word' id='word_1_43' title='bbox 198 738 248 779; x_wconf 89' lang='lat' dir='ltr'><strong>me</strong></span> <span class='ocrx_word' id='word_1_44' title='bbox 261 720 353 779; x_wconf 89' lang='lat' dir='ltr'><strong>velitis</strong></span> <span class='ocrx_word' id='word_1_45' title='bbox 371 722 475 788; x_wconf 88' lang='lat' dir='ltr'><strong>venire,</strong></span> <span class='ocrx_word' id='word_1_46' title='bbox 489 722 645 781; x_wconf 86' lang='lat' dir='ltr'><strong>rescribite.</strong></span> <span class='ocrx_word' id='word_1_47' title='bbox 687 722 758 780; x_wconf 91' lang='lat' dir='ltr'><strong>Post</strong></span> <span class='ocrx_word' id='word_1_48' title='bbox 778 723 968 781; x_wconf 88' lang='lat' dir='ltr'><strong>novissimum</strong></span> <span class='ocrx_word' id='word_1_49' title='bbox 983 723 1068 781; x_wconf 87' lang='lat' dir='ltr'><strong>Hirtii</strong></span> 
     </span>
     <span class='ocr_line' id='line_1_7' title="bbox 122 818 1068 897; baseline 0.004 -21"><span class='ocrx_word' id='word_1_50' title='bbox 122 835 291 877; x_wconf 85' lang='lat' dir='ltr'><strong>sermonem</strong></span> <span class='ocrx_word' id='word_1_51' title='bbox 317 818 455 895; x_wconf 92' lang='lat' dir='ltr'><strong>placitum</strong></span> <span class='ocrx_word' id='word_1_52' title='bbox 479 830 523 878; x_wconf 92' lang='lat' dir='ltr'><strong>est</strong></span> <span class='ocrx_word' id='word_1_53' title='bbox 544 820 615 878; x_wconf 93' lang='lat' dir='ltr'><strong>mihi</strong></span> <span class='ocrx_word' id='word_1_54' title='bbox 640 821 786 897; x_wconf 90' lang='lat' dir='ltr'><strong>postulare</strong></span> <span class='ocrx_word' id='word_1_55' title='bbox 807 831 839 879; x_wconf 92' lang='lat' dir='ltr'><strong>ut</strong></span> <span class='ocrx_word' id='word_1_56' title='bbox 861 821 960 880; x_wconf 92' lang='lat' dir='ltr'><strong>liceret</strong></span> <span class='ocrx_word' id='word_1_57' title='bbox 981 821 1068 880; x_wconf 93' lang='lat' dir='ltr'><strong>nobis</strong></span> 
     </span>
     <span class='ocr_line' id='line_1_8' title="bbox 123 915 1068 995; baseline 0.002 -19"><span class='ocrx_word' id='word_1_58' title='bbox 123 915 241 976; x_wconf 91' lang='lat' dir='ltr'><strong>Romae</strong></span> <span class='ocrx_word' id='word_1_59' title='bbox 250 934 314 975; x_wconf 87' lang='lat' dir='ltr'><strong>esse</strong></span> <span class='ocrx_word' id='word_1_60' title='bbox 323 917 440 993; x_wconf 91' lang='lat' dir='ltr'><strong>publico</strong></span> <span class='ocrx_word' id='word_1_61' title='bbox 450 919 605 994; x_wconf 92' lang='lat' dir='ltr'><strong>praesidio:</strong></span> <span class='ocrx_word' id='word_1_62' title='bbox 621 919 701 995; x_wconf 93' lang='lat' dir='ltr'><strong>quod</strong></span> <span class='ocrx_word' id='word_1_63' title='bbox 709 919 773 978; x_wconf 93' lang='lat' dir='ltr'><strong>illos</strong></span> <span class='ocrx_word' id='word_1_64' title='bbox 781 919 867 977; x_wconf 93' lang='lat' dir='ltr'><strong>nobis</strong></span> <span class='ocrx_word' id='word_1_65' title='bbox 877 937 1068 979; x_wconf 88' lang='lat' dir='ltr'><strong>concessuros</strong></span> 
     </span>
     <span class='ocr_line' id='line_1_9' title="bbox 122 1016 1068 1093; baseline 0.001 -19"><span class='ocrx_word' id='word_1_66' title='bbox 122 1032 189 1093; x_wconf 80' lang='lat' dir='ltr'><strong>uon</strong></span> <span class='ocrx_word' id='word_1_67' title='bbox 201 1023 289 1090; x_wconf 83' lang='lat' dir='ltr'><strong>pnt03</strong></span> <span class='ocrx_word' id='word_1_68' title='bbox 312 1032 450 1090; x_wconf 88' lang='lat' dir='ltr'><strong>magnam</strong></span> <span class='ocrx_word' id='word_1_69' title='bbox 464 1017 542 1074; x_wconf 92' lang='lat' dir='ltr'><strong>enim</strong></span> <span class='ocrx_word' id='word_1_70' title='bbox 556 1017 693 1075; x_wconf 83' lang='lat' dir='ltr'><strong>invidiam</strong></span> <span class='ocrx_word' id='word_1_71' title='bbox 702 1017 736 1075; x_wconf 92' lang='lat' dir='ltr'><strong>iis</strong></span> <span class='ocrx_word' id='word_1_72' title='bbox 749 1016 894 1076; x_wconf 83' lang='lat' dir='ltr'><strong>iaciemus.</strong></span> <span class='ocrx_word' id='word_1_73' title='bbox 932 1017 1011 1076; x_wconf 93' lang='lat' dir='ltr'><strong>Nihil</strong></span> <span class='ocrx_word' id='word_1_74' title='bbox 1025 1026 1068 1075; x_wconf 93' lang='lat' dir='ltr'><strong>ta·</strong></span> 
     </span>
     <span class='ocr_line' id='line_1_10' title="bbox 123 1112 1067 1191; baseline 0.004 -21"><span class='ocrx_word' id='word_1_75' title='bbox 123 1128 196 1171; x_wconf 89' lang='lat' dir='ltr'><strong>men</strong></span> <span class='ocrx_word' id='word_1_76' title='bbox 203 1129 265 1170; x_wconf 91' lang='lat' dir='ltr'><strong>non</strong></span> <span class='ocrx_word' id='word_1_77' title='bbox 275 1112 482 1189; x_wconf 88' lang='lat' dir='ltr'><strong>postulandum</strong></span> <span class='ocrx_word' id='word_1_78' title='bbox 492 1114 598 1189; x_wconf 88' lang='lat' dir='ltr'><strong>putavi,</strong></span> <span class='ocrx_word' id='word_1_79' title='bbox 603 1115 683 1191; x_wconf 95' lang='lat' dir='ltr'><strong>quod</strong></span> <span class='ocrx_word' id='word_1_80' title='bbox 694 1132 820 1191; x_wconf 89' lang='lat' dir='ltr'><strong>aequum</strong></span> <span class='ocrx_word' id='word_1_81' title='bbox 832 1133 895 1173; x_wconf 92' lang='lat' dir='ltr'><strong>esse</strong></span> <span class='ocrx_word' id='word_1_82' title='bbox 905 1125 1067 1175; x_wconf 83' lang='lat' dir='ltr'><strong>statuerem.</strong></span> 
     </span>
    </p>
   </div>
   <div class='ocr_carea' id='block_1_3' title="bbox 321 1267 879 1328">
    <p class='ocr_par' dir='ltr' id='par_1_3' title="bbox 321 1267 879 1328">
     <span class='ocr_line' id='line_1_11' title="bbox 321 1267 879 1328; baseline 0.007 -4"><span class='ocrx_word' id='word_1_83' title='bbox 321 1270 388 1325; x_wconf 88' lang='grc'><strong>108.</strong></span> <span class='ocrx_word' id='word_1_84' title='bbox 429 1267 486 1326; x_wconf 86' lang='lat' dir='ltr'><strong>AD</strong></span> <span class='ocrx_word' id='word_1_85' title='bbox 507 1267 701 1328; x_wconf 85' lang='lat' dir='ltr'><strong>ATTICUM</strong></span> <span class='ocrx_word' id='word_1_86' title='bbox 722 1268 804 1328; x_wconf 89' lang='lat' dir='ltr'>XIV.</span> <span class='ocrx_word' id='word_1_87' title='bbox 831 1289 879 1328; x_wconf 85' lang='lat' dir='ltr'><strong>ra.</strong></span> 
     </span>
    </p>
   </div>
   <div class='ocr_carea' id='block_1_4' title="bbox 158 1378 1036 1550">
    <p class='ocr_par' dir='ltr' id='par_1_4' title="bbox 158 1378 1036 1550">
     <span class='ocr_line' id='line_1_12' title="bbox 158 1378 1036 1462; baseline 0.006 -21"><span class='ocrx_word' id='word_1_88' title='bbox 158 1379 225 1441; x_wconf 75' lang='lat' dir='ltr'><strong>Scrr.</strong></span> <span class='ocrx_word' id='word_1_89' title='bbox 246 1378 392 1440; x_wconf 79' lang='lat' dir='ltr'><strong>Pornorrs</strong></span> <span class='ocrx_word' id='word_1_90' title='bbox 412 1400 441 1442; x_wconf 78' lang='lat' dir='ltr'><strong>n.</strong></span> <span class='ocrx_word' id='word_1_91' title='bbox 462 1402 490 1442; x_wconf 89' lang='lat' dir='ltr'><strong>n.</strong></span> <span class='ocrx_word' id='word_1_92' title='bbox 512 1403 539 1443; x_wconf 87' lang='lat' dir='ltr'><strong>x.</strong></span> <span class='ocrx_word' id='word_1_93' title='bbox 561 1384 722 1443; x_wconf 75' lang='lat' dir='ltr'><strong>Knrnnnas</strong></span> <span class='ocrx_word' id='word_1_94' title='bbox 744 1383 842 1443; x_wconf 75' lang='lat' dir='ltr'><strong>Mnns</strong></span> <span class='ocrx_word' id='word_1_95' title='bbox 862 1403 944 1446; x_wconf 72' lang='lat' dir='ltr'><strong>nuc.</strong></span> <span class='ocrx_word' id='word_1_96' title='bbox 969 1399 1036 1462; x_wconf 81' lang='lat'><strong>710.</strong></span> 
     </span>
     <span class='ocr_line' id='line_1_13' title="bbox 443 1507 755 1550; baseline -0.003 -1"><span class='ocrx_word' id='word_1_97' title='bbox 443 1507 546 1550; x_wconf 83' lang='lat' dir='ltr'><strong>crcnno</strong></span> <span class='ocrx_word' id='word_1_98' title='bbox 567 1509 673 1549; x_wconf 77' lang='lat' dir='ltr'><strong>nrrrco</strong></span> <span class='ocrx_word' id='word_1_99' title='bbox 694 1508 755 1549; x_wconf 76' lang='lat' dir='ltr'><strong>sm.</strong></span> 
     </span>
    </p>
   </div>
   <div class='ocr_carea' id='block_1_5' title="bbox 124 1600 1074 3443">
    <p class='ocr_par' dir='ltr' id='par_1_5' title="bbox 124 1600 1074 3443">
     <span class='ocr_line' id='line_1_14' title="bbox 171 1600 1070 1674; baseline 0.006 -15"><span class='ocrx_word' id='word_1_100' title='bbox 171 1618 197 1660; x_wconf 93' lang='lat'><strong>1.</strong></span> <span class='ocrx_word' id='word_1_101' title='bbox 219 1600 248 1660; x_wconf 94' lang='grc' dir='ltr'><strong>Ο</strong></span> <span class='ocrx_word' id='word_1_102' title='bbox 269 1620 304 1661; x_wconf 85' lang='lat' dir='ltr'><strong>nr</strong></span> <span class='ocrx_word' id='word_1_103' title='bbox 324 1601 430 1674; x_wconf 86' lang='lat' dir='ltr'><strong>Attice,</strong></span> <span class='ocrx_word' id='word_1_104' title='bbox 452 1623 554 1663; x_wconf 92' lang='lat' dir='ltr'><strong>vereor</strong></span> <span class='ocrx_word' id='word_1_105' title='bbox 579 1625 616 1664; x_wconf 93' lang='lat' dir='ltr'><strong>ne</strong></span> <span class='ocrx_word' id='word_1_106' title='bbox 639 1607 724 1664; x_wconf 92' lang='lat' dir='ltr'><strong>nobis</strong></span> <span class='ocrx_word' id='word_1_107' title='bbox 751 1605 822 1664; x_wconf 94' lang='lat' dir='ltr'><strong>Idus</strong></span> <span class='ocrx_word' id='word_1_108' title='bbox 850 1605 972 1664; x_wconf 87' lang='lat' dir='ltr'><strong>Martiae</strong></span> <span class='ocrx_word' id='word_1_109' title='bbox 999 1606 1070 1664; x_wconf 90' lang='lat' dir='ltr'><strong>nihil</strong></span> 
     </span>
     <span class='ocr_line' id='line_1_15' title="bbox 124 1699 1069 1779; baseline 0.004 -21"><span class='ocrx_word' id='word_1_110' title='bbox 124 1699 259 1758; x_wconf 86' lang='lat' dir='ltr'><strong>dederint</strong></span> <span class='ocrx_word' id='word_1_111' title='bbox 283 1711 396 1776; x_wconf 90' lang='lat' dir='ltr'><strong>praeter</strong></span> <span class='ocrx_word' id='word_1_112' title='bbox 423 1701 559 1760; x_wconf 88' lang='lat' dir='ltr'><strong>laetitiam</strong></span> <span class='ocrx_word' id='word_1_113' title='bbox 587 1713 616 1761; x_wconf 92' lang='lat' dir='ltr'><strong>et</strong></span> <span class='ocrx_word' id='word_1_114' title='bbox 643 1701 701 1761; x_wconf 90' lang='lat' dir='ltr'><strong>odii</strong></span> <span class='ocrx_word' id='word_1_115' title='bbox 729 1721 857 1779; x_wconf 91' lang='lat' dir='ltr'><strong>poenam</strong></span> <span class='ocrx_word' id='word_1_116' title='bbox 889 1722 924 1762; x_wconf 89' lang='lat' dir='ltr'><strong>ac</strong></span> <span class='ocrx_word' id='word_1_117' title='bbox 953 1704 1069 1764; x_wconf 92' lang='lat' dir='ltr'><strong>doloris.</strong></span> 
     </span>
     <span class='ocr_line' id='line_1_16' title="bbox 124 1795 1071 1878; baseline 0.006 -24"><span class='ocrx_word' id='word_1_118' title='bbox 124 1795 215 1869; x_wconf 91' lang='lat' dir='ltr'><strong>Quae</strong></span> <span class='ocrx_word' id='word_1_119' title='bbox 234 1797 304 1855; x_wconf 91' lang='lat' dir='ltr'><strong>mihi</strong></span> <span class='ocrx_word' id='word_1_120' title='bbox 324 1799 401 1857; x_wconf 91' lang='lat' dir='ltr'><strong>istim</strong></span> <span class='ocrx_word' id='word_1_121' title='bbox 415 1800 603 1860; x_wconf 82' lang='lat' dir='ltr'><strong>adferuntur?</strong></span> <span class='ocrx_word' id='word_1_122' title='bbox 624 1819 699 1878; x_wconf 89' lang='lat' dir='ltr'><strong>quae</strong></span> <span class='ocrx_word' id='word_1_123' title='bbox 719 1800 766 1859; x_wconf 89' lang='lat' dir='ltr'><strong>hic</strong></span> <span class='ocrx_word' id='word_1_124' title='bbox 786 1801 893 1859; x_wconf 90' lang='lat' dir='ltr'><strong>video?</strong></span> <span class='ocrx_word' id='word_1_125' title='bbox 914 1803 934 1856; x_wconf 77' lang='lat' dir='ltr'><strong>d</strong></span> <span class='ocrx_word' id='word_1_126' title='bbox 954 1805 1071 1875; x_wconf 73' lang='grc' dir='ltr'><em>πράξεως</em></span> 
     </span>
     <span class='ocr_line' id='line_1_17' title="bbox 125 1897 1070 1976; baseline 0.006 -25"><span class='ocrx_word' id='word_1_127' title='bbox 125 1898 207 1967; x_wconf 78' lang='grc' dir='ltr'><strong>καλῆς</strong></span> <span class='ocrx_word' id='word_1_128' title='bbox 219 1899 274 1967; x_wconf 80' lang='grc' dir='ltr'><strong>μέν,</strong></span> <span class='ocrx_word' id='word_1_129' title='bbox 287 1897 396 1955; x_wconf 72' lang='grc' dir='ltr'>ἀτελοῦς</span> <span class='ocrx_word' id='word_1_130' title='bbox 409 1900 439 1954; x_wconf 83' lang='grc' dir='ltr'><strong>δέ</strong></span> <span class='ocrx_word' id='word_1_131' title='bbox 446 1902 460 1954; x_wconf 89' lang='lat'><em>!</em></span> <span class='ocrx_word' id='word_1_132' title='bbox 488 1897 559 1968; x_wconf 91' lang='lat' dir='ltr'><strong>Scis,</strong></span> <span class='ocrx_word' id='word_1_133' title='bbox 574 1917 663 1976; x_wconf 92' lang='lat' dir='ltr'><strong>quarn</strong></span> <span class='ocrx_word' id='word_1_134' title='bbox 678 1899 796 1974; x_wconf 86' lang='lat' dir='ltr'><strong>diligam</strong></span> <span class='ocrx_word' id='word_1_135' title='bbox 812 1899 924 1958; x_wconf 88' lang='lat' dir='ltr'><strong>Siculos</strong></span> <span class='ocrx_word' id='word_1_136' title='bbox 938 1909 967 1958; x_wconf 89' lang='lat' dir='ltr'><strong>et</strong></span> <span class='ocrx_word' id='word_1_137' title='bbox 981 1918 1070 1975; x_wconf 88' lang='lat' dir='ltr'><strong>quam</strong></span> 
     </span>
     <span class='ocr_line' id='line_1_18' title="bbox 124 1992 1069 2068; baseline 0.002 -16"><span class='ocrx_word' id='word_1_138' title='bbox 124 1992 207 2052; x_wconf 90' lang='lat' dir='ltr'><strong>illam</strong></span> <span class='ocrx_word' id='word_1_139' title='bbox 228 1993 390 2053; x_wconf 88' lang='lat' dir='ltr'><strong>clientelam</strong></span> <span class='ocrx_word' id='word_1_140' title='bbox 413 1995 567 2054; x_wconf 88' lang='lat' dir='ltr'><strong>honestam</strong></span> <span class='ocrx_word' id='word_1_141' title='bbox 591 1998 733 2055; x_wconf 90' lang='lat' dir='ltr'><strong>iudicem:</strong></span> <span class='ocrx_word' id='word_1_142' title='bbox 762 1998 854 2055; x_wconf 92' lang='lat' dir='ltr'><strong>multa</strong></span> <span class='ocrx_word' id='word_1_143' title='bbox 877 1997 930 2056; x_wconf 92' lang='lat' dir='ltr'><strong>illis</strong></span> <span class='ocrx_word' id='word_1_144' title='bbox 952 1997 1069 2068; x_wconf 87' lang='lat' dir='ltr'><strong>Caesar,</strong></span> 
     </span>
     <span class='ocr_line' id='line_1_19' title="bbox 126 2093 1067 2166; baseline 0.004 -18"><span class='ocrx_word' id='word_1_145' title='bbox 126 2107 225 2166; x_wconf 85' lang='lat' dir='ltr'><strong>neque</strong></span> <span class='ocrx_word' id='word_1_146' title='bbox 245 2109 293 2150; x_wconf 91' lang='lat' dir='ltr'><strong>me</strong></span> <span class='ocrx_word' id='word_1_147' title='bbox 315 2094 413 2164; x_wconf 91' lang='lat' dir='ltr'><strong>invito,</strong></span> <span class='ocrx_word' id='word_1_148' title='bbox 428 2094 481 2151; x_wconf 91' lang='lat' dir='ltr'><strong>etsi</strong></span> <span class='ocrx_word' id='word_1_149' title='bbox 501 2093 641 2152; x_wconf 84' lang='lat' dir='ltr'><strong>Latinitas</strong></span> <span class='ocrx_word' id='word_1_150' title='bbox 661 2106 722 2153; x_wconf 88' lang='lat' dir='ltr'><strong>erat</strong></span> <span class='ocrx_word' id='word_1_151' title='bbox 742 2112 803 2152; x_wconf 91' lang='lat' dir='ltr'><strong>non</strong></span> <span class='ocrx_word' id='word_1_152' title='bbox 823 2093 951 2166; x_wconf 87' lang='lat' dir='ltr'><strong>ferenda,</strong></span> <span class='ocrx_word' id='word_1_153' title='bbox 967 2113 1067 2152; x_wconf 91' lang='lat' dir='ltr'><strong>verum</strong></span> 
     </span>
     <span class='ocr_line' id='line_1_20' title="bbox 125 2190 1071 2268; baseline 0.005 -21"><span class='ocrx_word' id='word_1_154' title='bbox 125 2196 276 2249; x_wconf 80' lang='lat' dir='ltr'><strong>tamen-.</strong></span> <span class='ocrx_word' id='word_1_155' title='bbox 318 2190 396 2249; x_wconf 90' lang='lat' dir='ltr'><strong>Ecce</strong></span> <span class='ocrx_word' id='word_1_156' title='bbox 411 2200 508 2250; x_wconf 89' lang='lat' dir='ltr'><strong>autern</strong></span> <span class='ocrx_word' id='word_1_157' title='bbox 522 2191 668 2249; x_wconf 86' lang='lat' dir='ltr'><strong>Antonius</strong></span> <span class='ocrx_word' id='word_1_158' title='bbox 682 2203 802 2268; x_wconf 87' lang='lat' dir='ltr'><strong>accepta</strong></span> <span class='ocrx_word' id='word_1_159' title='bbox 823 2193 926 2267; x_wconf 90' lang='lat' dir='ltr'><strong>grandi</strong></span> <span class='ocrx_word' id='word_1_160' title='bbox 946 2194 1071 2268; x_wconf 90' lang='lat' dir='ltr'><strong>pecunia</strong></span> 
     </span>
     <span class='ocr_line' id='line_1_21' title="bbox 126 2284 1069 2371; baseline 0.008 -29"><span class='ocrx_word' id='word_1_161' title='bbox 126 2284 191 2343; x_wconf 86' lang='lat' dir='ltr'><strong>fixit</strong></span> <span class='ocrx_word' id='word_1_162' title='bbox 212 2285 307 2371; x_wconf 79' lang='lat' dir='ltr'><strong>legem</strong></span> <span class='ocrx_word' id='word_1_163' title='bbox 332 2308 350 2348; x_wconf 96' lang='lat' dir='ltr'><strong>a</strong></span> <span class='ocrx_word' id='word_1_164' title='bbox 372 2289 511 2347; x_wconf 89' lang='lat' dir='ltr'><strong>dictatore</strong></span> <span class='ocrx_word' id='word_1_165' title='bbox 536 2289 659 2347; x_wconf 90' lang='lat' dir='ltr'><strong>comitiis</strong></span> <span class='ocrx_word' id='word_1_166' title='bbox 683 2290 779 2360; x_wconf 89' lang='lat' dir='ltr'><strong>latam,</strong></span> <span class='ocrx_word' id='word_1_167' title='bbox 800 2307 858 2364; x_wconf 89' lang='lat' dir='ltr'><strong>qua</strong></span> <span class='ocrx_word' id='word_1_168' title='bbox 881 2289 969 2348; x_wconf 90' lang='lat' dir='ltr'><strong>Siculi</strong></span> <span class='ocrx_word' id='word_1_169' title='bbox 992 2292 1069 2350; x_wconf 92' lang='lat' dir='ltr'><strong>cives</strong></span> 
     </span>
     <span class='ocr_line' id='line_1_22' title="bbox 127 2379 1070 2458; baseline 0.007 -19"><span class='ocrx_word' id='word_1_170' title='bbox 127 2379 277 2457; x_wconf 81' lang='lat' dir='ltr'><strong>Romani3</strong></span> <span class='ocrx_word' id='word_1_171' title='bbox 299 2385 380 2443; x_wconf 87' lang='lat' dir='ltr'><strong>cuius</strong></span> <span class='ocrx_word' id='word_1_172' title='bbox 394 2386 434 2443; x_wconf 89' lang='lat' dir='ltr'><strong>rei</strong></span> <span class='ocrx_word' id='word_1_173' title='bbox 448 2386 512 2443; x_wconf 86' lang='lat' dir='ltr'><strong>vivo</strong></span> <span class='ocrx_word' id='word_1_174' title='bbox 530 2385 578 2443; x_wconf 89' lang='lat' dir='ltr'><strong>illo</strong></span> <span class='ocrx_word' id='word_1_175' title='bbox 593 2387 703 2444; x_wconf 89' lang='lat' dir='ltr'><strong>mentio</strong></span> <span class='ocrx_word' id='word_1_176' title='bbox 718 2386 805 2445; x_wconf 92' lang='lat' dir='ltr'><strong>nulla.</strong></span> <span class='ocrx_word' id='word_1_177' title='bbox 847 2386 947 2458; x_wconf 83' lang='lat' dir='ltr'><strong>Quid?</strong></span> <span class='ocrx_word' id='word_1_178' title='bbox 981 2387 1070 2446; x_wconf 90' lang='lat' dir='ltr'><strong>Deio·</strong></span> 
     </span>
     <span class='ocr_line' id='line_1_23' title="bbox 127 2481 1071 2561; baseline 0.005 -20"><span class='ocrx_word' id='word_1_179' title='bbox 127 2481 182 2541; x_wconf 83' lang='lat' dir='ltr'><strong>tari</strong></span> <span class='ocrx_word' id='word_1_180' title='bbox 203 2484 293 2541; x_wconf 91' lang='lat' dir='ltr'><strong>nostri</strong></span> <span class='ocrx_word' id='word_1_181' title='bbox 314 2502 401 2542; x_wconf 90' lang='lat' dir='ltr'><strong>causa</strong></span> <span class='ocrx_word' id='word_1_182' title='bbox 421 2502 482 2542; x_wconf 92' lang='lat' dir='ltr'><strong>non</strong></span> <span class='ocrx_word' id='word_1_183' title='bbox 503 2484 622 2544; x_wconf 84' lang='lat' dir='ltr'><strong>similis?</strong></span> <span class='ocrx_word' id='word_1_184' title='bbox 650 2484 765 2560; x_wconf 88' lang='lat' dir='ltr'><strong>Dignus</strong></span> <span class='ocrx_word' id='word_1_185' title='bbox 787 2485 833 2543; x_wconf 91' lang='lat' dir='ltr'><strong>ille</strong></span> <span class='ocrx_word' id='word_1_186' title='bbox 852 2486 970 2561; x_wconf 90' lang='lat' dir='ltr'><strong>quidem</strong></span> <span class='ocrx_word' id='word_1_187' title='bbox 990 2489 1071 2546; x_wconf 93' lang='lat' dir='ltr'><strong>omni</strong></span> 
     </span>
     <span class='ocr_line' id='line_1_24' title="bbox 128 2581 1072 2658; baseline 0.006 -21"><span class='ocrx_word' id='word_1_188' title='bbox 128 2597 233 2655; x_wconf 85' lang='lat' dir='ltr'><strong>regnu,</strong></span> <span class='ocrx_word' id='word_1_189' title='bbox 248 2581 300 2639; x_wconf 93' lang='lat' dir='ltr'><strong>sed</strong></span> <span class='ocrx_word' id='word_1_190' title='bbox 320 2600 382 2640; x_wconf 91' lang='lat' dir='ltr'><strong>non</strong></span> <span class='ocrx_word' id='word_1_191' title='bbox 402 2601 455 2658; x_wconf 87' lang='lat' dir='ltr'><strong>per</strong></span> <span class='ocrx_word' id='word_1_192' title='bbox 468 2582 607 2640; x_wconf 91' lang='lat' dir='ltr'><strong>Fulviam.</strong></span> <span class='ocrx_word' id='word_1_193' title='bbox 650 2583 788 2641; x_wconf 90' lang='lat' dir='ltr'><strong>Sescenta</strong></span> <span class='ocrx_word' id='word_1_194' title='bbox 809 2584 919 2642; x_wconf 91' lang='lat' dir='ltr'><strong>similia.</strong></span> <span class='ocrx_word' id='word_1_195' title='bbox 962 2584 1072 2643; x_wconf 87' lang='lat' dir='ltr'><strong>Verum</strong></span> 
     </span>
     <span class='ocr_line' id='line_1_25' title="bbox 128 2676 1073 2758; baseline 0.005 -23"><span class='ocrx_word' id='word_1_196' title='bbox 128 2676 197 2735; x_wconf 94' lang='lat' dir='ltr'><strong>illuc</strong></span> <span class='ocrx_word' id='word_1_197' title='bbox 217 2677 329 2739; x_wconf 84' lang='lat' dir='ltr'><strong>refero:</strong></span> <span class='ocrx_word' id='word_1_198' title='bbox 358 2688 418 2737; x_wconf 87' lang='lat' dir='ltr'><strong>tarn</strong></span> <span class='ocrx_word' id='word_1_199' title='bbox 440 2679 548 2738; x_wconf 88' lang='lat' dir='ltr'><strong>claram</strong></span> <span class='ocrx_word' id='word_1_200' title='bbox 573 2690 690 2755; x_wconf 91' lang='lat' dir='ltr'><strong>tamque</strong></span> <span class='ocrx_word' id='word_1_201' title='bbox 717 2690 850 2738; x_wconf 84' lang='lat' dir='ltr'><strong>testatam</strong></span> <span class='ocrx_word' id='word_1_202' title='bbox 870 2700 932 2739; x_wconf 91' lang='lat' dir='ltr'><strong>rem</strong></span> <span class='ocrx_word' id='word_1_203' title='bbox 956 2692 1073 2758; x_wconf 91' lang='lat' dir='ltr'><strong>tamque</strong></span> 
     </span>
     <span class='ocr_line' id='line_1_26' title="bbox 128 2775 1074 2855; baseline 0.003 -20"><span class='ocrx_word' id='word_1_204' title='bbox 128 2775 245 2846; x_wconf 87' lang='lat' dir='ltr'><strong>iustam,</strong></span> <span class='ocrx_word' id='word_1_205' title='bbox 267 2776 456 2848; x_wconf 86' lang='lat' dir='ltr'><strong>Buthrotiam,</strong></span> <span class='ocrx_word' id='word_1_206' title='bbox 477 2795 538 2835; x_wconf 91' lang='lat' dir='ltr'><strong>non</strong></span> <span class='ocrx_word' id='word_1_207' title='bbox 566 2779 728 2836; x_wconf 89' lang='lat' dir='ltr'><strong>tenebimus</strong></span> <span class='ocrx_word' id='word_1_208' title='bbox 749 2779 844 2854; x_wconf 86' lang='lat' dir='ltr'><strong>aliqua</strong></span> <span class='ocrx_word' id='word_1_209' title='bbox 864 2798 901 2837; x_wconf 87' lang='lat' dir='ltr'><strong>ex</strong></span> <span class='ocrx_word' id='word_1_210' title='bbox 922 2782 1024 2855; x_wconf 85' lang='lat' dir='ltr'><strong>parte?</strong></span> <span class='ocrx_word' id='word_1_211' title='bbox 1045 2791 1074 2838; x_wconf 93' lang='lat' dir='ltr'><strong>et</strong></span> 
     </span>
     <span class='ocr_line' id='line_1_27' title="bbox 129 2875 1073 2954; baseline -0.001 -17"><span class='ocrx_word' id='word_1_212' title='bbox 129 2895 167 2937; x_wconf 91' lang='lat' dir='ltr'><strong>eo</strong></span> <span class='ocrx_word' id='word_1_213' title='bbox 197 2875 315 2954; x_wconf 92' lang='lat' dir='ltr'><strong>quidem</strong></span> <span class='ocrx_word' id='word_1_214' title='bbox 344 2877 447 2951; x_wconf 92' lang='lat' dir='ltr'><strong>magis,</strong></span> <span class='ocrx_word' id='word_1_215' title='bbox 471 2890 530 2951; x_wconf 88' lang='lat' dir='ltr'><strong>quo</strong></span> <span class='ocrx_word' id='word_1_216' title='bbox 558 2877 612 2934; x_wconf 89' lang='lat' dir='ltr'><strong>iste</strong></span> <span class='ocrx_word' id='word_1_217' title='bbox 640 2876 743 2952; x_wconf 83' lang='lat' dir='ltr'><strong>plura?</strong></span> <span class='ocrx_word' id='word_1_218' title='bbox 787 2896 815 2936; x_wconf 84' lang='lat' dir='ltr'><strong>a.</strong></span> <span class='ocrx_word' id='word_1_219' title='bbox 836 2876 998 2935; x_wconf 93' lang='lat' dir='ltr'><strong>Nobiscum</strong></span> <span class='ocrx_word' id='word_1_220' title='bbox 1026 2878 1073 2938; x_wconf 90' lang='lat' dir='ltr'><strong>hic</strong></span> 
     </span>
     <span class='ocr_line' id='line_1_28' title="bbox 129 2973 1073 3053; baseline 0 -19"><span class='ocrx_word' id='word_1_221' title='bbox 129 2975 343 3053; x_wconf 87' lang='lat' dir='ltr'><strong>perhonorifice</strong></span> <span class='ocrx_word' id='word_1_222' title='bbox 364 2983 393 3032; x_wconf 93' lang='lat' dir='ltr'><strong>et</strong></span> <span class='ocrx_word' id='word_1_223' title='bbox 414 2974 506 3032; x_wconf 90' lang='lat' dir='ltr'><strong>amice</strong></span> <span class='ocrx_word' id='word_1_224' title='bbox 525 2973 671 3046; x_wconf 89' lang='lat' dir='ltr'><strong>Octavius,</strong></span> <span class='ocrx_word' id='word_1_225' title='bbox 685 2993 774 3050; x_wconf 89' lang='lat' dir='ltr'><strong>quem</strong></span> <span class='ocrx_word' id='word_1_226' title='bbox 795 2975 912 3052; x_wconf 89' lang='lat' dir='ltr'><strong>quidem</strong></span> <span class='ocrx_word' id='word_1_227' title='bbox 934 2976 978 3033; x_wconf 92' lang='lat' dir='ltr'><strong>sui</strong></span> <span class='ocrx_word' id='word_1_228' title='bbox 999 2975 1073 3035; x_wconf 88' lang='lat' dir='ltr'><strong>Cae·</strong></span> 
     </span>
     <span class='ocr_line' id='line_1_29' title="bbox 130 3071 1073 3149; baseline -0.001 -17"><span class='ocrx_word' id='word_1_229' title='bbox 130 3091 227 3133; x_wconf 86' lang='lat' dir='ltr'><strong>sarem</strong></span> <span class='ocrx_word' id='word_1_230' title='bbox 249 3072 420 3144; x_wconf 88' lang='lat' dir='ltr'><strong>salutabant,</strong></span> <span class='ocrx_word' id='word_1_231' title='bbox 435 3071 585 3147; x_wconf 90' lang='lat' dir='ltr'><strong>Philippus</strong></span> <span class='ocrx_word' id='word_1_232' title='bbox 606 3089 668 3130; x_wconf 91' lang='lat' dir='ltr'><strong>non</strong></span> <span class='ocrx_word' id='word_1_233' title='bbox 687 3074 756 3142; x_wconf 81' lang='lat' dir='ltr'><strong>item,</strong></span> <span class='ocrx_word' id='word_1_234' title='bbox 772 3073 867 3148; x_wconf 87' lang='lat' dir='ltr'><strong>itaque</strong></span> <span class='ocrx_word' id='word_1_235' title='bbox 884 3090 922 3130; x_wconf 93' lang='lat' dir='ltr'><strong>ne</strong></span> <span class='ocrx_word' id='word_1_236' title='bbox 940 3091 995 3131; x_wconf 93' lang='lat' dir='ltr'><strong>nos</strong></span> <span class='ocrx_word' id='word_1_237' title='bbox 1010 3075 1073 3149; x_wconf 93' lang='lat' dir='ltr'><strong>qui·</strong></span> 
     </span>
     <span class='ocr_line' id='line_1_30' title="bbox 131 3170 1074 3246; baseline 0.001 -18"><span class='ocrx_word' id='word_1_238' title='bbox 131 3171 220 3242; x_wconf 92' lang='lat' dir='ltr'><strong>dem;</strong></span> <span class='ocrx_word' id='word_1_239' title='bbox 246 3188 335 3245; x_wconf 90' lang='lat' dir='ltr'><strong>quem</strong></span> <span class='ocrx_word' id='word_1_240' title='bbox 348 3188 426 3244; x_wconf 89' lang='lat' dir='ltr'><strong>nego</strong></span> <span class='ocrx_word' id='word_1_241' title='bbox 441 3186 528 3246; x_wconf 89' lang='lat' dir='ltr'><strong>posse</strong></span> <span class='ocrx_word' id='word_1_242' title='bbox 542 3189 596 3226; x_wconf 80' lang='lat' dir='ltr'><strong>erse</strong></span> <span class='ocrx_word' id='word_1_243' title='bbox 613 3170 724 3228; x_wconf 92' lang='lat' dir='ltr'><strong>bonum</strong></span> <span class='ocrx_word' id='word_1_244' title='bbox 739 3171 848 3228; x_wconf 89' lang='lat' dir='ltr'><strong>civem:</strong></span> <span class='ocrx_word' id='word_1_245' title='bbox 872 3170 911 3229; x_wconf 90' lang='lat' dir='ltr'><strong>ita</strong></span> <span class='ocrx_word' id='word_1_246' title='bbox 924 3171 1005 3229; x_wconf 88' lang='lat' dir='ltr'><strong>multi</strong></span> <span class='ocrx_word' id='word_1_247' title='bbox 1020 3173 1074 3229; x_wconf 90' lang='lat' dir='ltr'><strong>cir·</strong></span> 
     </span>
     <span class='ocr_line' id='line_1_31' title="bbox 131 3266 1073 3345; baseline 0.002 -20"><span class='ocrx_word' id='word_1_248' title='bbox 131 3275 286 3336; x_wconf 89' lang='lat' dir='ltr'><strong>cumstant,</strong></span> <span class='ocrx_word' id='word_1_249' title='bbox 301 3267 349 3342; x_wconf 92' lang='lat' dir='ltr'><strong>qui</strong></span> <span class='ocrx_word' id='word_1_250' title='bbox 364 3267 481 3342; x_wconf 91' lang='lat' dir='ltr'><strong>quidem</strong></span> <span class='ocrx_word' id='word_1_251' title='bbox 496 3267 602 3325; x_wconf 91' lang='lat' dir='ltr'><strong>nostris</strong></span> <span class='ocrx_word' id='word_1_252' title='bbox 620 3277 744 3325; x_wconf 91' lang='lat' dir='ltr'><strong>mortem</strong></span> <span class='ocrx_word' id='word_1_253' title='bbox 759 3266 934 3325; x_wconf 91' lang='lat' dir='ltr'><strong>minitantur.</strong></span> <span class='ocrx_word' id='word_1_254' title='bbox 976 3268 1073 3345; x_wconf 83' lang='lat' dir='ltr'><strong>Negat</strong></span> 
     </span>
     <span class='ocr_line' id='line_1_32' title="bbox 130 3362 1073 3443; baseline 0.001 -20"><span class='ocrx_word' id='word_1_255' title='bbox 130 3363 204 3424; x_wconf 86' lang='lat' dir='ltr'><strong>baec</strong></span> <span class='ocrx_word' id='word_1_256' title='bbox 219 3363 285 3422; x_wconf 82' lang='lat' dir='ltr'><strong>ferri</strong></span> <span class='ocrx_word' id='word_1_257' title='bbox 299 3382 394 3441; x_wconf 89' lang='lat' dir='ltr'><strong>posse.</strong></span> <span class='ocrx_word' id='word_1_258' title='bbox 431 3362 511 3436; x_wconf 88' lang='lat' dir='ltr'><strong>Quid</strong></span> <span class='ocrx_word' id='word_1_259' title='bbox 525 3382 636 3436; x_wconf 75' lang='lat' dir='ltr'><strong>censes</strong></span> <span class='ocrx_word' id='word_1_260' title='bbox 646 3382 713 3424; x_wconf 91' lang='lat' dir='ltr'><strong>cum</strong></span> <span class='ocrx_word' id='word_1_261' title='bbox 728 3364 854 3423; x_wconf 87' lang='lat' dir='ltr'><strong>Romam</strong></span> <span class='ocrx_word' id='word_1_262' title='bbox 869 3383 941 3443; x_wconf 86' lang='lat' dir='ltr'><strong>puer</strong></span> <span class='ocrx_word' id='word_1_263' title='bbox 954 3369 1073 3439; x_wconf 81' lang='lat' dir='ltr'><strong>venerit,</strong></span> 
     </span>
    </p>
   </div>
   <div class='ocr_carea' id='block_1_6' title="bbox 0 0 1210 3848">
    <p class='ocr_par' dir='ltr' id='par_1_6' title="bbox 0 0 1210 3848">
     <span class='ocr_line' id='line_1_33' title="bbox 0 0 1210 3848; baseline 0 0"><span class='ocrx_word' id='word_1_264' title='bbox 0 0 1210 3848; x_wconf 95' lang='lat' dir='ltr'><strong> </strong></span> 
     </span>
    </p>
   </div>
  </div>
 </body>
</html>
