2498 3840
155 182 217 249 166
424 196 463 246 M.
489 194 609 245 rurrrr
630 195 819 246 crennours
968 178 1040 264 [rm
1054 195 1103 243 un

151 353 231 412 Nam
242 352 322 431 quod
336 371 423 431 rogas
437 363 469 412 ut
482 352 636 430 respiciam
649 371 790 430 generum
803 369 911 420 meum,
927 351 1104 410 adulescen-

152 463 212 512 tem
229 455 372 530 optimum
391 453 518 529 mihique
538 453 726 523 carissimum,
744 471 782 509 an
802 451 925 520 dubitas,
942 451 994 527 qui
1015 450 1102 520 scias,

151 553 252 627 quanti
274 569 342 609 cum
361 551 441 608 illum
462 560 524 608 tum
541 568 609 609 vero
624 549 754 608 Tulliam
774 567 871 607 meam
892 547 1008 617 faciam,
1027 548 1103 624 quin

151 669 187 708 ea
206 669 255 708 me
276 667 344 708 cura
358 649 610 707 vehementissime
630 648 781 706 sollicitet?
802 655 831 705 et
844 665 881 705 eo
895 647 1000 721 magis,
1016 645 1103 722 quod

150 748 180 804 in
205 748 411 806 communibus
435 747 559 806 miseriis
582 747 637 805 hac
658 756 756 804 tamen
779 745 946 803 oblectabar
967 744 1100 820 specula,

148 846 333 905 Dolabellam
346 863 445 903 meum
456 845 501 902 vel
512 845 609 922 potius
623 854 756 902 nostrum
766 842 829 902 fore
844 842 881 901 ab
894 842 930 901 iis
943 843 1099 913 molestiis

149 962 223 1020 quas
234 943 400 1002 liberalitate
416 962 468 1001 sua
483 953 674 1012 contraxerat,
685 942 815 1000 liberum.
853 939 950 999 Velim
961 958 1099 1016 quaeras

149 1061 225 1119 quos
239 1042 285 1100 ille
301 1042 363 1100 dies
378 1040 553 1112 sustinuerit,
567 1041 598 1098 in
612 1041 682 1098 urbe
702 1040 773 1098 dum
786 1038 848 1110 fuit,
863 1057 953 1115 quam
971 1040 1100 1098 acerbos

150 1141 213 1212 sibi,
239 1158 328 1216 quam
355 1139 426 1197 mihi
450 1139 505 1215 ipsi
530 1157 633 1197 socero
661 1157 723 1197 non
748 1137 897 1195 honestos.
940 1137 1099 1213 altaque

148 1256 245 1315 neque
265 1256 322 1312 ego
340 1237 417 1295 hunc
437 1236 666 1312 Hispaniensem
687 1254 788 1294 casum
808 1243 957 1310 exspecto,
977 1234 1098 1312 dequo

149 1335 220 1393 mihi
241 1335 423 1412 exploratum
443 1343 487 1393 est
507 1335 547 1392 ita
567 1353 641 1404 esse,
660 1344 691 1391 ut
711 1344 743 1392 tu
764 1333 872 1404 scribis,
894 1350 990 1409 neque
1013 1334 1097 1409 quic-

150 1452 239 1511 quam
258 1443 350 1492 astute
370 1433 484 1510 cogito:
507 1433 530 1491 si
550 1432 668 1508 quando
689 1433 742 1490 erit
763 1432 870 1504 civitas,
885 1433 939 1490 erit
959 1431 1097 1507 prolecto

149 1528 234 1586 nobis
247 1527 346 1599 locus;
368 1529 413 1585 sin
428 1536 525 1585 autem
539 1544 600 1583 non
615 1528 674 1598 erit,
689 1527 719 1583 in
738 1525 857 1584 easdem
876 1526 1049 1584 solitudines
1063 1534 1097 1585 tu

148 1627 218 1702 ipse,
233 1636 264 1684 ut
284 1626 414 1696 arbitror,
428 1625 536 1696 venies,
551 1625 582 1680 in
597 1625 701 1700 quibus
719 1643 775 1682 nos
793 1623 961 1683 consedisse
981 1624 1095 1683 audies.

150 1725 209 1783 Sed
228 1743 284 1801 ego
299 1724 421 1783 fortasse
438 1724 578 1781 vaticinor
596 1732 625 1781 et
642 1722 714 1781 haec
733 1724 834 1782 omnia
851 1723 988 1781 meliores
1002 1723 1095 1781 habe-

147 1823 221 1881 bunt
248 1822 360 1881 exitus:
391 1820 528 1879 recordor
556 1821 633 1879 enim
661 1820 877 1896 desperationes
905 1839 1017 1892 eorum,
1043 1824 1095 1898 qui

149 1937 236 1978 senes
250 1929 331 1977 erant
346 1919 531 1978 adulescente
545 1937 610 1991 me;
632 1937 684 1978 eos
698 1937 755 1994 ego
765 1920 887 1978 fortasse
901 1938 980 1978 nunc
995 1921 1096 1980 imitor

148 2028 177 2076 et
191 2028 257 2075 utor
271 2018 372 2076 aetatis
386 2019 462 2075 vitio
507 2031 533 2092 7.
548 2019 645 2076 Velim
662 2020 702 2077 ita
721 2020 764 2079 sit.
808 2020 867 2078 Sed
885 2023 1002 2078 tamen!
1025 2065 1032 2081 .
1053 2066 1062 2081 .
1085 2068 1092 2081 .

147 2124 248 2190 togam
277 2125 455 2191 praetextam
487 2117 545 2174 texi
573 2115 671 2193 Oppio
697 2127 768 2194 puto
796 2127 824 2177 te
851 2118 985 2190 audisse;
1022 2139 1094 2180 narn

149 2212 266 2272 Curtius
281 2223 379 2272 noster
393 2213 551 2289 dibaphum
572 2216 688 2289 cogitat,
704 2214 757 2273 sed
776 2233 844 2273 eum
857 2214 981 2275 infector
995 2236 1094 2278 mora-

148 2320 201 2368 tur.
245 2309 315 2369 Hoc
343 2310 480 2387 adspersi,
505 2320 536 2369 ut
564 2312 651 2368 scires
679 2329 726 2369 me
754 2319 851 2369 tamen
879 2313 909 2369 in
938 2315 1094 2375 stomacho

150 2408 243 2467 solere
258 2408 358 2467 ridere.
401 2407 446 2466 De
460 2408 622 2479 Dolabella,
637 2409 716 2484 quod
735 2409 843 2485 scripsi,
859 2409 968 2469 suadeo
983 2413 1093 2482 videas,

148 2518 297 2582 tamquam
318 2507 342 2563 si
362 2516 411 2565 tua
435 2525 481 2565 res
507 2517 617 2582 agatur.
659 2506 829 2565 Extremum
850 2507 920 2565 illud
942 2509 1016 2567 erit:
1037 2528 1094 2570 nos

148 2602 218 2661 nihil
233 2603 417 2674 turbulenter,
429 2603 499 2660 nihil
513 2613 622 2662 temere
633 2603 788 2674 faciemus3
810 2615 838 2662 te
852 2615 951 2663 tamen
964 2624 1093 2680 oramus,

149 2702 379 2778 quibuscumque
399 2702 504 2760 erimus
524 2702 554 2758 in
571 2702 660 2773 terris,
675 2711 707 2760 ut
723 2718 778 2759 nos
792 2702 957 2778 liberosque
975 2716 1094 2767 nostros

150 2801 188 2858 ita
202 2809 309 2871 tueare,
324 2809 355 2857 ut
370 2799 495 2858 amicitia
509 2809 608 2857 nostra
622 2809 650 2857 et
664 2809 713 2857 tua
727 2798 799 2856 fides
814 2800 979 2875 postulabit.

392 2959 438 3014 71.
480 2955 538 3014 AD
559 2954 751 3014 ATTICUM
772 2956 808 3013 X
826 2959 853 3015 8.

191 3069 256 3131 Scn.
278 3089 309 3130 rn
330 3068 457 3130 Cunnuo
479 3090 505 3130 Α.
520 3090 547 3130 n.
571 3089 609 3129 vr.
632 3069 735 3129 Nonas
756 3070 854 3131 lllnrns
875 3091 957 3136 auc.
981 3088 1051 3152 705.

465 3196 568 3237 crcnno
589 3195 695 3236 arurco
715 3195 777 3236 sur..

193 3309 218 3351 1.
237 3291 284 3350 Er
304 3311 350 3350 res
363 3293 427 3369 ipsa
443 3293 581 3350 monebat
602 3302 630 3349 et
645 3301 676 3350 tu
697 3292 866 3352 ostenderas
887 3303 915 3353 et
936 3313 994 3370 ego
1013 3298 1094 3359 vide-

149 3391 227 3461 bam,
242 3391 278 3448 de
293 3391 327 3449 iis
348 3392 442 3462 rebus,
458 3408 529 3467 quas
544 3389 675 3467 intercipi
689 3390 882 3467 periculosum
900 3404 985 3467 esset,
1001 3395 1093 3460 finem
