2392 3848
127 230 170 295 ap,
186 216 244 301 54]
337 229 450 279 nrrsr.
472 229 707 278 anarrinon
729 230 805 278 mn.
830 236 859 300 3.
1009 231 1069 299 137

123 386 194 463 Age
205 385 273 451 iam
285 384 453 444 cumfratre
468 404 506 444 an
520 385 582 445 sine
597 404 633 444 eo
648 404 715 444 cum
730 385 810 443 filio?
830 404 868 443 an
883 403 942 460 quo
956 384 1067 444 modo?

123 480 155 541 in
170 491 293 559 utraque
311 483 389 541 enim
406 502 438 541 re
455 500 569 541 summa
585 481 738 541 difficultas
757 483 817 552 erit,
833 499 963 540 summus
978 481 1067 539 animi

122 576 220 639 dolor.
262 576 321 650 Qui
346 590 442 638 autem
465 580 589 656 impetus
612 580 686 638 illius
711 580 764 637 erit
791 580 822 636 in
849 596 904 637 nos
933 579 1068 636 absentes

122 674 315 752 fortunasque
335 678 469 736 nostras?
510 678 615 735 Acrior
635 695 724 752 quam
745 677 775 734 in
797 686 967 747 ceterorum,
987 675 1068 751 quod

122 774 239 851 putabit
270 772 391 833 fortasse
423 775 453 831 in
484 775 569 833 nobis
597 774 737 833 violandis
765 773 872 849 aliquid
901 791 932 831 se
960 769 1068 832 habere

122 869 276 945 populare.
319 872 386 945 Age
406 871 545 941 iambus
566 872 733 947 compedes,
754 871 854 941 fasces,
870 871 997 946 inquam,
1013 870 1069 929 hos

121 962 270 1025 laureatos
297 967 398 1027 efferre
426 987 463 1028 ex
491 969 574 1027 Italia
602 986 691 1044 quam
719 968 873 1026 molestum
902 970 961 1026 esti
1009 966 1069 1038 Qui

122 1070 225 1121 autem
238 1062 321 1122 locus
334 1064 386 1122 erit
399 1065 485 1123 nobis
499 1074 583 1135 tutus,
598 1074 631 1123 ut
649 1065 707 1122 iam
725 1064 844 1139 placatis
863 1073 977 1121 utamur
996 1061 1068 1120 fluc-

122 1158 212 1230 tibus,
225 1169 294 1217 ante
308 1178 397 1235 quam
411 1161 449 1219 ad
462 1161 541 1218 illum
552 1162 734 1220 venerimus?
753 1179 811 1237 qua
825 1170 921 1218 autem
936 1169 984 1218 aut
1000 1177 1068 1236 quo,

123 1254 198 1314 nihil
219 1257 335 1314 scimus.
378 1258 404 1317 6.
433 1257 472 1315 At
496 1258 520 1317 si
534 1258 665 1316 restitero
688 1267 717 1316 et
740 1258 824 1316 luerit
848 1258 933 1316 nobis
958 1258 989 1315 in
1012 1257 1067 1316 hac

123 1352 313 1427 paruimus,
336 1353 414 1414 idem
438 1355 543 1424 secem,
565 1355 645 1430 quod
669 1356 700 1412 in
727 1354 839 1413 Cinnae
868 1355 1067 1413 dominatione

123 1448 287 1526 Philippus,
308 1452 389 1527 quod
417 1451 451 1509 L.
473 1452 603 1521 Flaccus,
628 1453 708 1527 quod
733 1452 771 1524 Q.
794 1451 919 1523 Mucius,
945 1470 1066 1528 quoquo

123 1546 220 1605 modo
240 1566 277 1606 ea
296 1567 343 1607 res
363 1548 430 1608 huic
451 1550 570 1625 quidem
591 1550 703 1619 cecidit,
723 1551 773 1625 qui
793 1560 893 1608 tamen
912 1551 952 1608 ita
973 1550 1067 1609 dicere

124 1642 247 1715 solebat,
258 1662 290 1704 se
304 1644 334 1705 id
348 1645 409 1704 fore
419 1646 522 1716 videre,
535 1647 615 1722 quod
629 1645 737 1705 factum
751 1655 804 1718 est,
815 1648 867 1705 sed
881 1647 966 1705 malle
980 1665 1068 1723 quam

123 1752 270 1799 armatum
284 1743 322 1801 ad
336 1744 444 1818 patriae
455 1744 572 1802 moenia
582 1744 727 1802 accedere.
758 1744 849 1803 Aliter
859 1744 1065 1820 Thrasybulus,

122 1846 157 1897 et
168 1836 292 1897 fortasse
305 1840 423 1912 melius3
445 1842 497 1899 sed
512 1850 555 1899 est
570 1851 647 1900 certa
661 1842 805 1918 quaedam
820 1841 866 1900 illa
884 1841 976 1900 Mucii
994 1843 1066 1900 ratio

123 1946 216 2013 atque
242 1939 392 2009 sententia,
421 1949 464 1998 est
492 1938 539 1996 illa
566 1939 653 1996 etiam
682 1936 841 2018 [Philippi],
869 1948 907 2011 et,
936 1957 1004 1997 cum
1032 1941 1068 1997 sit

123 2050 257 2106 necesse,
272 2035 376 2093 servire
390 2036 515 2111 tempori
535 2045 563 2094 et
582 2053 643 2093 non
662 2036 790 2094 amittere
810 2045 934 2113 tempus,
945 2055 1013 2095 cum
1033 2037 1069 2094 sit

122 2130 235 2189 datum.
286 2130 344 2190 Sed
372 2133 402 2190 in
429 2133 487 2191 hoe
514 2133 580 2207 ipso
608 2132 716 2191 habent
743 2142 841 2192 tamen
869 2134 946 2192 idem
974 2133 1067 2192 fasces

121 2226 304 2286 molestiam:
333 2229 370 2288 sit
393 2230 472 2287 enim
496 2231 582 2288 nobis
607 2231 725 2300 amicus
748 2230 829 2306 quod
852 2231 993 2289 incertum
1015 2242 1067 2303 est,

123 2324 179 2385 aed
196 2326 248 2385 sit:
270 2326 378 2385 deferet
397 2328 582 2403 triumphum
626 2327 695 2386 Non
714 2329 853 2403 accipere,
866 2330 886 2399 †
901 2346 938 2386 ne
957 2329 1069 2404 pericu-

121 2423 279 2494 resumsit,
294 2424 466 2483 invidiosum
481 2426 518 2484 ad
532 2426 634 2483 bonos.
677 2423 705 2483 Ο
720 2442 790 2494 rem,
805 2425 908 2500 inquis,
924 2425 1068 2484 difficilem

123 2531 155 2581 et
172 2521 419 2597 inexplicabilem!
441 2524 519 2599 atqui
538 2522 709 2598 explicanda
727 2531 777 2580 est.
821 2523 901 2594 Quid
915 2524 994 2581 enim
1008 2525 1067 2581 fieri

122 2620 243 2699 potest?
265 2637 300 2678 ac
318 2638 417 2678 neme
432 2621 603 2679 existimaris
617 2620 655 2678 ad
669 2618 848 2677 manendum
862 2638 926 2678 esse
941 2640 1067 2698 propen-

123 2717 243 2788 siorem,
257 2717 337 2793 quod
355 2718 439 2793 plura
457 2719 487 2775 in
506 2726 701 2793 campartem
720 2718 807 2775 verba
827 2717 952 2787 fecerim,
972 2730 1068 2794 potest

123 2812 197 2885 fieri,
205 2814 286 2891 quod
297 2815 328 2873 fit
342 2815 371 2871 in
386 2814 482 2873 multis
496 2816 723 2890 quaestionibus,
733 2825 764 2873 ut
774 2834 819 2873 res
833 2818 981 2874 verbosior
996 2816 1067 2875 haec

122 2910 219 2983 luerit,
233 2910 281 2969 illa
299 2912 401 2970 verior.
443 2912 542 2984 Quam
561 2913 600 2969 ob
615 2930 675 2969 rem
690 2921 721 2969 ut
736 2914 863 2970 maxima
876 2913 912 2970 de
927 2932 958 2972 re
972 2931 1067 2988 aequo

123 3010 225 3067 animo
240 3008 416 3080 deliberanti,
428 3011 467 3067 ita
481 3010 551 3067 milri
566 3010 619 3067 des
633 3009 788 3068 consilium
801 3009 894 3068 velim.
937 3009 1025 3068 Navis
1039 3019 1068 3068 et

124 3107 155 3167 in
180 3104 284 3165 Caieta
307 3116 350 3164 est
376 3114 475 3182 parata
498 3106 584 3164 nobis
612 3116 641 3164 et
669 3104 822 3164 Brundisii.
866 3119 891 3180 7.
917 3106 974 3164 Sed
999 3124 1067 3165 ecce

124 3203 219 3261 nuntii
230 3204 372 3261 scribente
382 3221 429 3260 me
440 3203 513 3262 baec
525 3202 588 3278 ipsa
598 3212 687 3261 noctu
698 3205 728 3260 in
741 3202 860 3273 Calen0‚
871 3222 938 3262 ecce
950 3204 1066 3274 litterae,

126 3298 283 3359 Caesarem
306 3299 344 3358 ad
369 3299 538 3370 Corfinium,
562 3299 725 3359 Domitium
748 3300 868 3359 Corfinii
893 3320 960 3359 cum
983 3303 1066 3360 firmo

126 3398 253 3459 exercitu
280 3405 310 3457 et
336 3415 467 3475 pugnare
498 3399 640 3476 cupiente.
681 3399 753 3458 Non
785 3408 856 3476 puto
889 3402 975 3459 etiam
1009 3400 1066 3460 boc
