2498 3840
150 181 168 226 2
170 179 212 247 52
433 178 472 228 Μ.
498 178 617 228 rursu
638 178 825 228 crornoms
981 164 1050 249 [rm
1064 178 1096 227 u.

148 346 215 385 cum
236 327 270 385 iis
291 336 404 386 tantum
426 331 535 404 negotii
554 338 607 400 est,
625 339 658 389 ut
676 339 803 388 vestmm
824 326 893 387 illud
915 327 1045 386 divinum
1065 327 1097 384 in

148 443 209 481 rem
232 424 377 499 publicam
397 427 572 485 beneficium
593 445 655 485 non
676 427 785 485 nullam
810 427 917 484 habeat
938 425 1097 501 querelam.

149 521 239 592 Quod
260 541 363 580 veroa
384 532 421 594 te,
438 525 499 582 viro
517 526 638 601 optim0,
654 525 790 583 seductus
812 532 855 582 est
875 534 986 598 tuoque
1007 524 1099 581 bene-

149 620 215 678 ficio
241 619 335 679 adhuc
360 621 425 678 vivit
449 621 522 680 haec
547 623 646 698 pestis,
669 621 821 691 interdum,
847 621 927 697 quod
952 620 1025 678 mibi
1050 618 1099 677 vix

148 717 192 775 sas
211 729 263 787 est,
279 718 329 775 tibi
350 718 527 778 subirascor:
548 719 619 776 mihi
638 719 716 777 enim
737 719 847 794 negotii
868 719 935 794 plus
955 717 1099 794 reliquisti

148 815 199 872 uni
219 833 308 889 quam
328 826 442 890 praeter
463 834 511 874 me
535 816 678 874 omnibus.
720 815 761 874 Ut
781 815 859 872 enim
879 814 1008 890 primum
1029 822 1100 890 post

148 914 269 970 Antonii
302 913 501 972 foedissimum
535 914 695 973 discessum
728 922 845 972 senatus
875 912 977 971 haberi
1008 913 1099 972 libere

148 1011 250 1087 potuit,
272 1011 310 1068 ad
330 1010 409 1068 illum
430 1012 560 1069 animum
580 1030 680 1069 meum
701 1011 802 1069 reverti
823 1011 985 1086 pristinum,
1008 1028 1099 1086 quern

149 1119 180 1166 tu
195 1126 262 1166 cum
277 1108 330 1165 civi
350 1110 499 1179 acerrimo,
513 1120 596 1185 patre
618 1120 677 1179 tuo,
692 1109 722 1166 in
741 1127 792 1166 ore
811 1120 840 1167 et
859 1126 959 1166 amore
979 1126 1099 1184 semper

148 1207 279 1264 habuisti.
336 1223 362 1263 2.
384 1205 463 1263 Nam
491 1225 558 1264 cum
588 1216 721 1265 senatum
749 1225 774 1265 a.
800 1206 828 1265 d.
854 1224 914 1264 xm.
944 1205 1099 1265 Kalendas

149 1304 298 1361 Ianuarias
319 1303 425 1360 tribuni
445 1303 484 1380 pl.
502 1305 683 1362 vocavissent
704 1304 799 1380 deque
820 1303 926 1362 aliare
947 1289 1098 1375 referrent,

148 1411 240 1460 totam
267 1419 329 1460 rem
357 1401 503 1476 publicam
531 1419 596 1459 sum
623 1401 793 1478 complexus
821 1401 926 1476 egique
955 1402 1097 1460 acerrime

150 1508 338 1574 senatumque
364 1500 422 1555 iam
444 1499 631 1574 languentem
655 1507 683 1556 et
708 1498 854 1556 defessum
879 1498 918 1556 ad
943 1498 1097 1574 pristinam

149 1597 281 1655 virtutem
302 1597 602 1673 consuetudinemque
624 1597 754 1654 revocavi
776 1597 870 1671 magis
892 1595 982 1655 animi
1004 1614 1097 1673 quam

150 1694 259 1770 ingenii
277 1695 392 1753 viribus,
434 1694 493 1753 Hic
512 1694 574 1752 dies
595 1712 718 1770 meaque
739 1694 887 1752 contentio
909 1704 997 1770 atque
1018 1692 1098 1753 actio

151 1811 234 1870 spem
255 1792 380 1868 primum
401 1792 511 1868 populo
533 1791 671 1849 Romano
692 1791 782 1849 attulit
802 1790 938 1849 libertatis
960 1809 1097 1867 recuper-

151 1891 261 1963 andae;
283 1909 338 1950 nec
358 1909 427 1950 vero
448 1891 510 1967 ipse
530 1899 633 1966 postea
652 1900 767 1964 tempus
788 1889 878 1947 ullum
898 1888 1040 1948 intermisi
1057 1889 1096 1948 de

151 2008 181 2049 re
213 1988 329 2064 publica
361 2006 422 2046 non
455 1987 603 2064 cogitandi
633 1987 737 2058 solum,
771 1988 825 2046 sed
856 1986 943 2045 etiam
978 1987 1095 2062 agendi.

154 2106 180 2162 3.
202 2084 293 2158 Quod
309 2086 363 2145 nisi
385 2104 431 2145 res
450 2087 574 2144 urbanas
597 2093 719 2159 actaque
744 2085 843 2142 omnia
868 2083 905 2143 ad
925 2093 954 2141 te
976 2081 1097 2159 perferri

153 2184 310 2253 arbitrarer,
332 2184 394 2259 ipse
418 2184 636 2260 perscriberem,
657 2198 835 2257 quamquam
856 2198 936 2239 eram
959 2181 1097 2241 maximis

152 2282 391 2356 occupationibus
412 2281 575 2357 impeditus.
619 2277 678 2337 Sed
699 2279 746 2336 illa
767 2295 930 2355 cognosces
952 2296 989 2336 ex
1015 2278 1096 2351 aliis;

152 2400 170 2438 a
189 2398 236 2437 me
254 2397 355 2454 pauca,
370 2389 399 2437 et
416 2397 451 2437 ea
470 2377 652 2436 summatim:
674 2375 814 2434 habemus
831 2375 935 2434 fortem
952 2385 1097 2449 senatum,

152 2476 317 2536 consulares
331 2476 436 2551 partim
451 2475 576 2547 timidos,
591 2473 695 2550 partim
710 2473 785 2531 male
801 2473 965 2531 sentientes.
1008 2471 1097 2550 Mag·

151 2592 222 2631 num
245 2571 384 2630 damnum
405 2573 514 2632 factum
534 2584 578 2632 est
601 2574 632 2631 in
655 2570 762 2630 Servio.
804 2570 838 2630 L.
853 2570 963 2631 Caesar
983 2572 1098 2648 optime

152 2672 245 2743 sentit,
261 2669 320 2743 sed,
336 2672 416 2749 quod
436 2672 594 2730 avunculus
615 2681 667 2742 est,
683 2689 743 2729 non
764 2670 917 2728 acerrimas
939 2670 1008 2728 dicit
1030 2688 1097 2729 sen-

152 2770 264 2829 tentias.
306 2767 449 2828 Consules
470 2770 593 2845 egregii3
619 2769 783 2846 praeclams
804 2766 842 2826 D.
857 2767 963 2826 Brutus
974 2786 983 2839 ;
1013 2786 1097 2844 egre·

152 2869 217 2946 gius
238 2886 311 2943 puer
332 2865 448 2938 Caesar,
464 2868 501 2925 de
521 2885 580 2942 quo
602 2884 687 2943 spero
709 2866 844 2942 equidem
864 2865 981 2941 reliqua
1025 2864 1098 2927 Hoc

152 2984 220 3025 vero
240 2976 350 3024 certum
366 2965 481 3035 habeto
496 2965 550 3022 nisi
570 2963 616 3022 ille
633 2976 784 3023 veteranos
801 2963 929 3022 celeriter
946 2965 1098 3041 conscrip

153 3065 237 3121 sisset
260 3063 447 3139 legionesque
472 3063 546 3120 duae
569 3061 605 3120 de
628 3062 754 3120 exercitu
776 3060 896 3119 Antonii
919 3060 958 3119 ad
980 3061 1043 3119 eius
1064 3079 1097 3121 se

154 3162 352 3219 auctoritatem
371 3161 561 3219 contulissent
582 3170 668 3236 atque
689 3161 713 3218 is
733 3160 885 3236 oppositus
905 3168 982 3217 esset
1002 3168 1097 3219 terror

154 3260 292 3329 Antonio,
312 3259 381 3315 nihil
403 3259 564 3317 Antonium
585 3258 707 3329 sceleris,
727 3258 797 3314 nihil
816 3256 989 3316 crudelitatis
1011 3275 1096 3333 prae·

153 3358 301 3416 teritumm
322 3355 417 3417 fuisse.
458 3355 543 3415 Haec
564 3356 624 3429 tibi,
645 3355 699 3414 etsi
723 3355 820 3413 audita
841 3372 905 3414 esse
926 3354 1094 3427 arbitrabar,
