2392 3848
105 203 161 291 aa]
182 277 185 282 ,
259 215 376 268 aaran
396 216 448 266 ao
467 216 636 267 arrrcuu
655 218 705 268 rx.
730 223 779 269 10.
934 217 995 286 155

105 371 193 433 nare!
234 371 328 432 Multa
352 373 481 449 disputas
504 372 572 432 huic
596 374 756 432 sententiae
777 372 994 441 convenientia3

105 471 173 530 ead
190 479 352 530 extremum
368 473 454 548 ‘quid
473 471 513 532 si’
528 473 624 550 inquis
637 471 783 548 ‘Lepidus
803 482 831 530 et
845 471 995 530 Volcatius

105 567 225 628 :edunti
249 569 335 646 plane
360 572 455 644 ἀπορῶ.
497 569 588 641 Quod
613 571 739 628 evenerit
760 570 844 645 igitur
865 578 894 627 et
915 568 995 644 quod

105 665 155 737 ris,
169 666 201 724 id
215 667 351 745 mpere'ov
364 662 489 741 putabo!
532 667 562 725 Si
577 677 638 724 tum
653 666 807 737 dubitares,
822 685 899 725 nunc
919 678 995 724 certe

105 781 113 820 ι
132 763 254 835 dubitas,
270 763 330 822 istis
349 764 541 823 manentibus.
585 767 612 822 8.
634 764 747 823 Deinde
763 765 792 820 in
807 765 870 840 ipsa
884 763 953 839 luga
967 783 994 822 v.

105 859 119 918 Ι.
145 859 283 920 Martias:
308 861 434 920 ‘interea
462 881 524 920 non
552 861 653 919 dubito
681 863 750 937 quin
778 863 808 918 in
836 862 995 920 Formiano

105 976 207 1017 usurus
226 959 282 1028 sis;
304 960 541 1018 commodissime
563 960 640 1018 enim
662 964 692 1015 τὸ
712 961 810 1030 pellor
830 960 868 1017 ibi
888 962 995 1033 rapodo

105 1055 158 1116 aa!
192 1056 241 1114 Ad
256 1056 294 1115 K.
306 1056 435 1128 Martias,
450 1076 517 1115 curn
532 1057 578 1115 ille
593 1057 725 1133 quintum
740 1057 797 1114 iam
812 1056 888 1114 diem
903 1056 996 1114 Brun-

105 1153 118 1212 i
138 1163 231 1213 esset:
245 1160 325 1213 ‘tum
336 1155 494 1231 poterimus
510 1155 675 1226 deliberare,
689 1173 751 1212 non
766 1155 872 1213 scilicet
886 1155 997 1230 integra

112 1251 166 1310 sed
185 1261 261 1310 certe
282 1253 378 1311 minus
399 1252 525 1322 infracta,
541 1270 630 1327 quam
651 1252 675 1310 si
696 1270 754 1310 una
774 1253 928 1327 proieceris
950 1254 996 1311 te.’

105 1348 171 1408 inde
195 1368 247 1408 1111.
270 1348 349 1408 Non.
375 1349 495 1408 Martias
523 1353 573 1405 ὑπὸ
600 1352 645 1421 τὴν
670 1353 754 1423 λῆψιν
781 1368 848 1408 cum
876 1351 997 1408 breviter

105 1448 204 1518 iberes,
225 1457 322 1506 tamen
343 1448 429 1525 ponis
450 1447 526 1506 hoc:
548 1451 628 1507 ‘cras
651 1449 777 1506 scribam
798 1448 882 1524 plura
907 1459 935 1506 et
959 1448 997 1506 ad

106 1543 172 1614 nia;
193 1543 250 1601 hoc
271 1552 369 1600 tamen
390 1544 494 1613 dicam,
509 1561 570 1601 non
591 1545 737 1620 paenitere
760 1563 807 1602 me
828 1546 939 1603 consilii
961 1547 997 1605 de

122 1641 284 1710 mansione,
298 1649 334 1710 et,
350 1659 528 1716 quamquam
549 1660 657 1716 magna
679 1641 876 1713 sollicitudine,
892 1652 997 1714 tamen,

105 1757 125 1797 a
137 1738 234 1796 minus
248 1737 315 1796 mali
329 1747 400 1813 puto
415 1756 478 1797 esse
493 1757 582 1814 quam
596 1740 625 1796 in
637 1739 684 1796 illa
695 1737 881 1814 profectione,
892 1758 997 1798 maneo

105 1834 249 1894 sententia
267 1843 296 1892 et
316 1835 431 1910 gaudeo
453 1844 481 1893 te
501 1834 662 1894 mansisse!
703 1856 729 1910 9.
752 1834 829 1893 Cum
850 1853 918 1894 vero
939 1837 997 1894 iam

105 1950 180 2008 gerer
203 1941 232 1990 et
254 1932 394 1999 timerem,
416 1950 454 1989 ne
476 1933 546 2008 quid
571 1951 588 1990 a
608 1950 656 1989 me
677 1931 828 1990 dedecoris
850 1943 926 1991 esset
947 1934 998 1990 ad·

105 2046 188 2100 mum,
201 2047 243 2088 111.
258 2027 361 2087 Nonas
377 2027 480 2087 Mart:
501 2034 617 2088 ‘tamen
637 2039 666 2087 te
687 2047 748 2086 non
769 2047 832 2087 esse
853 2048 911 2088 una
932 2049 999 2089 cum

105 2126 200 2202 mpeio
222 2143 282 2184 non
303 2126 365 2184 fero
386 2127 523 2197 moleste;
553 2136 656 2202 postea
676 2127 700 2184 si
724 2144 799 2202 opus
824 2126 916 2198 luerit,
938 2146 999 2187 non

105 2241 110 2281 :
131 2222 253 2293 difficile,
274 2231 302 2280 et
323 2223 370 2294 illi,
392 2241 511 2299 quoquo
533 2232 665 2299 tempore
686 2223 744 2292 fiet,
764 2224 817 2281 erit
837 2225 999 2293 ἀσμένιστον.

105 2317 188 2378 ihoc
202 2320 241 2377 ita
260 2318 335 2386 dico,
351 2319 375 2378 si
396 2319 452 2388 hic,
468 2338 526 2395 qua
544 2322 655 2377 ratione
675 2320 787 2377 initium
807 2319 881 2389 lecit,
897 2321 1000 2379 eadem

105 2439 153 2480 era
170 2429 246 2496 aget,
262 2420 382 2491 sincere,
397 2429 565 2497 temperate,
580 2421 743 2496 prudenter,
758 2420 840 2479 valde
854 2422 952 2480 videro
972 2431 1001 2480 et

105 2518 266 2576 isideratius
286 2517 398 2576 utilitati
419 2529 536 2577 nostrae
560 2517 749 2576 consuluero'
795 2538 839 2577 10.
864 2537 912 2577 vu.
931 2519 1000 2578 ldus

105 2615 179 2674 rtias
204 2614 303 2673 scribis
327 2613 483 2672 Peducaeo
505 2633 622 2690 quoque
647 2624 748 2674 nostro
775 2616 897 2692 probari,
921 2615 1001 2690 quod

105 2712 187 2781 erim,
196 2711 277 2769 cuius
290 2711 445 2768 auctoritas
460 2712 583 2769 multum
598 2712 676 2788 apud
691 2731 738 2771 me
753 2714 834 2773 valet.
877 2712 933 2770 His
944 2730 1000 2788 ego

105 2829 113 2870 s
134 2809 247 2884 scriptis
267 2827 316 2866 me
338 2808 482 2878 consolor,
497 2819 529 2867 ut
550 2810 619 2867 nihil
642 2828 659 2867 a
679 2830 727 2868 me
749 2811 843 2869 adhuc
865 2811 1000 2868 delictum

105 2924 166 2966 :em.
208 2905 257 2963 Tu
270 2905 360 2963 modo
376 2906 576 2964 auctoritatem
592 2917 669 2965 tuam
685 2909 848 2966 desendito:
864 2909 1000 2967 adversus

124 3003 195 3063 nihil
212 3021 287 3078 opus
305 3012 357 3070 est,
373 3002 424 3060 sed
445 3003 569 3061 consciis
589 3023 662 3079 egeo
684 3006 755 3063 aliis.
796 3005 870 3080 Ego,
886 3007 910 3063 si
931 3005 1001 3063 nihil

105 3100 185 3170 mavi,
200 3099 310 3174 reliqua
324 3099 443 3157 tuebor:
458 3100 495 3157 ad
510 3118 545 3158 ea
558 3111 589 3158 tu
605 3111 632 3158 te
648 3102 760 3160 hortare
775 3113 803 3160 et
817 3120 865 3160 me
878 3103 1001 3161 omnino

105 3196 297 3272 ¹cogitatione
312 3196 424 3254 adiuva.
467 3194 526 3254 Hic
540 3198 681 3255 nihildum
701 3200 737 3258 de
756 3200 849 3258 reditu
868 3198 1000 3259 Caesaris

105 3295 236 3352 liebatur.
277 3292 343 3368 Ego
363 3292 408 3351 his
427 3293 525 3352 litteris
547 3293 604 3355 hoc
626 3304 724 3355 tamen
744 3295 870 3373 profeci:
892 3297 1001 3375 perlegi

105 3409 162 3451 nes
176 3401 240 3451 tuas
254 3391 326 3450 etin
340 3407 377 3449 eo
392 3392 528 3469 acquievi.
