2392 3848
123 98 288 183 epm]
312 111 425 164 nezer.
441 111 492 161 nn
512 111 736 162 rnnrnrnnns
757 114 837 163 xrrr.
858 99 907 164 16.
1002 115 1065 183 207

121 263 267 341 possm?
287 263 368 340 quod
382 272 479 322 autem
493 263 660 322 hominess
678 282 726 323 me
746 264 892 339 postulare
912 264 1021 335 scribis,
1037 272 1070 322 ut

120 358 405 437 Romanorumque
418 362 495 432 me'ln',
509 368 543 417 et
558 361 653 429 abstine,
668 363 812 431 concedere,
827 369 876 419 aut
891 363 911 431 †
926 373 1068 437 quatenus

122 474 176 517 eos
189 456 262 517 mihi
276 458 445 530 concedere,
460 458 646 534 iampridem
663 460 736 517 scito
755 477 828 528 esse,
844 474 910 516 cum
929 476 1019 516 unum
1039 470 1068 517 te

120 556 213 634 pluris
234 573 324 633 quam
348 574 452 615 omnes
473 557 536 615 illos
558 546 667 633 putem.
709 555 756 614 Ne
780 575 828 615 me
853 556 970 631 quidem
996 575 1067 615 eon·

120 662 234 725 temno,
251 670 376 730 meoque
396 654 503 712 iudicio
523 655 616 712 multo
635 666 710 712 stare
729 655 807 713 malo
827 672 915 731 quam
936 655 1068 711 emulum

120 750 315 828 reliquorum
337 770 433 829 neque
448 763 545 810 tamen
560 753 732 828 progredior
750 753 875 826 longius,
890 770 979 828 quam
998 751 1069 808 mihi

121 848 284 909 doctissimi
310 848 445 908 homines
472 850 646 920 concedunt,
675 868 798 926 quorum
826 850 933 925 scripta
959 849 1067 919 omnia,

120 964 325 1023 quaecumque
350 956 417 1005 sunt
441 946 471 1005 in
495 965 562 1005 eam
587 949 768 1019 sententiam,
790 966 851 1006 non
878 946 934 1022 legi
963 947 1067 1016 solum,

121 1042 203 1121 quod
218 1044 313 1121 ipsum
327 1044 481 1103 eratfortis
495 1045 614 1120 aegroti,
628 1046 760 1120 accipere
774 1045 956 1114 medicinam,
971 1044 1024 1101 sed
1037 1045 1068 1101 iu

121 1160 189 1201 mea
212 1142 301 1201 etiam
321 1143 428 1218 scripta
448 1142 588 1212 transtuli,
609 1142 691 1218 quod
712 1153 788 1201 certe
808 1143 917 1201 adflicti
937 1152 966 1200 et
986 1141 1067 1199 fracti

122 1238 212 1297 animi
226 1257 288 1298 non
302 1240 362 1299 fuit.
403 1241 452 1298 Ab
466 1239 510 1299 his
525 1258 573 1297 me
586 1239 722 1298 remediis
736 1242 796 1300 noli
810 1242 840 1299 in
854 1241 940 1300 istam
954 1241 1068 1297 turbam

124 1352 238 1411 vocare,
251 1354 290 1396 ne
303 1337 439 1397 recidam.

297 1498 346 1556 97.
386 1494 444 1553 AD
465 1495 716 1555 FAMILIARES
737 1495 823 1554 XIII.
849 1498 894 1555 16.

267 1606 333 1668 Seu.
355 1608 495 1668 Asuunnn
516 1628 609 1668 uunsn
630 1610 736 1669 Anum
756 1628 839 1669 nuc.
862 1622 929 1686 709.

435 1731 538 1773 cronno
558 1733 679 1774 ceassiu
698 1733 758 1773 sec.

167 1846 192 1889 1.
213 1827 246 1888 Ρ.
267 1828 403 1889 Cnussun
422 1847 458 1887 ex
478 1830 559 1887 omni
577 1831 725 1888 nobilitate
745 1830 959 1888 adulescentem
981 1827 1067 1887 dilexi
1140 1868 1143 1874 ·

126 1926 290 2003 plurimum,
312 1937 398 1985 etex
422 1945 458 1985 eo
483 1945 551 1985 cum
578 1929 616 1985 ab
641 1928 758 1986 ineunte
786 1929 847 1986 eius
875 1937 967 1986 aetate
991 1929 1067 1986 bene

126 2025 324 2101 speravissem,
349 2034 410 2083 tum
433 2026 560 2100 perbene
588 2025 751 2083 existimare
779 2025 864 2100 coepi
886 2025 920 2082 iis
948 2023 1066 2094 iudiciis,

126 2138 200 2197 quae
222 2120 258 2180 de
277 2139 313 2179 eo
331 2120 448 2193 feceras,
464 2123 597 2197 cognitis.
639 2122 711 2181 Eius
730 2123 863 2181 libertum
877 2123 1066 2199 Apollonium

126 2218 183 2277 iam
202 2228 265 2277 tum
283 2219 427 2295 equidem,
443 2238 511 2277 cum
531 2219 578 2277 ille
592 2220 706 2291 viveret,
721 2230 750 2278 et
768 2221 867 2295 magni
881 2221 1023 2278 faciebam
1039 2232 1067 2279 et

126 2316 307 2395 probabamz
328 2325 389 2373 erat
404 2316 481 2373 enim
496 2327 524 2375 et
539 2317 684 2375 studiosus
699 2316 797 2375 Crassi
817 2328 846 2376 et
864 2318 978 2376 adeius
992 2320 1066 2394 opti-

127 2430 176 2473 ma
202 2412 298 2471 studia
317 2412 503 2471 vehementer
530 2424 613 2489 aptus
625 2433 633 2486 ;
663 2415 759 2491 itaque
784 2416 821 2474 ab
846 2433 883 2474 eo
907 2417 1066 2475 admodum

126 2510 306 2588 diligebatur.
350 2530 376 2569 a.
398 2509 468 2569 Post
482 2521 605 2568 mortem
620 2523 717 2570 autem
733 2512 829 2571 Crassi
844 2531 881 2571 eo
895 2514 965 2570 mihi
980 2516 1067 2572 etiam

127 2606 241 2685 dignior
257 2608 335 2667 visus
355 2619 407 2678 est,
422 2625 510 2682 quem
531 2609 561 2666 in
580 2610 669 2667 fidem
690 2622 775 2685 atque
797 2612 951 2669 amicitiam
970 2629 1067 2669 meam

125 2706 294 2783 reciperem,
307 2706 387 2782 quod
406 2723 457 2764 eos
475 2725 492 2765 a
511 2724 541 2764 se
560 2707 758 2766 observandos
778 2716 806 2765 et
825 2707 965 2766 colendos
984 2719 1066 2783 puta-

126 2802 186 2877 bat,
200 2820 276 2881 quos
290 2802 336 2862 ille
352 2803 497 2861 dilexisset
512 2815 541 2861 et
555 2805 659 2879 quibus
674 2823 757 2862 carus
772 2803 880 2863 sulsset.
922 2805 1024 2880 Itaque
1038 2817 1067 2864 et

126 2900 164 2961 ad
178 2918 228 2960 me
246 2901 278 2959 in
296 2898 427 2959 Ciliciam
441 2902 518 2958 venit
537 2902 691 2977 multisque
710 2901 740 2959 in
759 2904 845 2960 rebus
865 2902 936 2960 mihi
956 2920 1065 2978 magno

125 2998 189 3057 usui
207 2996 261 3056 fuit
281 3006 310 3056 et
327 2996 401 3055 fides
420 2999 481 3055 eius
501 3008 529 3056 et
547 2999 708 3073 prudentia,
721 3004 764 3069 'et‚
782 3009 813 3057 ut
832 3001 945 3076 opinor,
964 3001 1015 3057 tibi
1034 3003 1065 3059 in

126 3095 323 3157 Alexandrino
343 3096 427 3167 bello,
443 3107 582 3173 quantum
604 3098 699 3156 studio
720 3107 749 3155 et
769 3098 904 3157 fidelitate
924 3102 1064 3177 consequi

127 3196 227 3272 potuit,
246 3212 309 3253 non
329 3193 437 3253 deluit:
461 3213 487 3269 3.
509 3194 590 3269 quod
610 3214 677 3253 cum
700 3207 826 3271 speraret
846 3207 874 3254 te
889 3214 1005 3272 quoque
1025 3199 1065 3256 ita

127 3292 298 3366 existimare,
311 3291 342 3349 ln
361 3290 535 3372 Hispaniam
555 3292 591 3351 ad
611 3303 647 3365 te,
664 3294 790 3351 maxIme
808 3293 854 3353 ille
873 3295 991 3372 quidem
1010 3315 1063 3356 suo
