2392 3848
128 115 172 179 ap.
186 123 226 180 μ,
239 94 293 189 ta]
380 110 492 166 rerer.
515 110 565 161 Ar>
585 110 752 161 arricum
770 112 803 165 x.
827 99 845 162 8
869 113 900 164 a.
1012 113 1069 181 171

126 288 192 330 non
206 288 272 329 sum
286 268 437 329 arbitratus
457 288 522 328 esse
541 268 625 328 amici
644 287 706 327 non
725 268 901 327 commoveri
919 267 1006 326 etiam
1019 268 1072 325 im·

125 369 289 445 proborum
305 386 449 438 sermone,
466 378 551 443 atque
567 386 603 425 eo
618 366 673 426 feci
688 368 852 438 studiosius,
868 367 949 442 quod
964 367 1072 425 iudica·

124 468 199 529 bam
220 468 352 527 duriores
376 476 472 543 partes
495 466 565 524 mihi
590 467 739 543 impositas
762 483 827 524 esse
850 465 887 524 ab
909 465 1072 524 offensione

123 575 237 636 nostra,
251 583 326 642 quae
339 565 434 638 magis
454 583 471 621 a
490 564 633 641 zelotypia
653 581 719 621 mea
738 580 826 638 quarn
844 563 881 621 ab
901 563 1003 620 iniuria
1022 573 1071 621 tua

123 672 198 723 nata
215 672 268 721 est
312 661 360 720 sic
381 661 460 719 enirn
481 660 547 719 volo
568 671 597 720 te
617 661 669 720 tibi
690 661 873 736 persuadere,
887 660 959 718 mihi
979 662 1071 719 nemi·

123 779 198 821 nem
221 778 286 820 esse
310 760 452 818 cariorem
475 768 503 817 te
525 769 650 834 excepto
672 756 796 816 Caesare
817 776 892 829 meo,
915 757 1072 817 Caesarem

122 858 255 917 maxime
272 858 302 915 in
319 857 379 915 suis
399 855 441 913 M.
457 855 632 915 Ciceronem
650 873 799 932 reponere.
843 874 869 912 2.
891 854 960 926 Qua
976 875 1015 926 re,
1030 857 1071 915 mi

123 956 242 1028 Cicero,
264 966 293 1015 te
309 973 392 1030 rogo,
407 964 438 1013 ut
457 955 509 1012 tibi
529 954 629 1012 omnia
647 955 760 1028 integra
779 972 882 1023 serves
901 955 962 1013 eius
982 955 1071 1013 fidem

114 1056 284 1132 improbes
311 1054 360 1130 qui
385 1052 445 1122 tibi,
470 1061 502 1110 ut
525 1051 699 1110 beneficium
723 1051 812 1121 daret,
835 1052 913 1127 prius
937 1053 1071 1111 iniuriam

122 1151 204 1224 feeit,
219 1161 321 1211 eontra
338 1167 375 1208 ne
395 1148 552 1225 profugias,
568 1149 618 1224 qui
636 1158 673 1218 te,
689 1149 743 1207 etsi
761 1167 822 1206 non
843 1151 1071 1226 amabit-quod

123 1250 261 1309 accidere
287 1266 349 1306 non
373 1255 518 1323 potest-,
544 1256 642 1304 tamen
667 1246 778 1304 salvum
802 1247 1070 1324 amplissimumque

122 1366 193 1408 esse
207 1347 312 1422 cupiet.
353 1345 460 1404 Dedita
473 1362 562 1420 opera
576 1344 614 1403 ad
630 1354 658 1402 te
673 1342 871 1420 Calpurnium,
886 1344 1071 1403 familiarissi-

122 1462 211 1504 mum
229 1462 337 1515 meum,
357 1443 431 1513 misi,
449 1452 482 1500 ut
502 1442 572 1500 mihi
590 1459 715 1518 magnae
734 1459 820 1500 curae
837 1452 917 1499 tuam
931 1443 1018 1500 vitam
1035 1461 1070 1501 ac

123 1540 298 1618 dignitatem
311 1558 376 1599 esse
391 1536 496 1599 scires!

166 1638 284 1698 Eodem
308 1639 355 1698 die
378 1657 396 1696 a
419 1636 544 1698 Caesare
569 1637 740 1696 Philotimus
764 1638 872 1696 litteras
897 1637 989 1696 attulit
1012 1638 1069 1698 hoc

121 1736 272 1814 exemplo.

343 1897 390 1952 73.
432 1891 490 1950 ΑΙ)
511 1892 705 1951 ATTICUM
726 1892 762 1951 X.
783 1896 801 1951 8
823 1892 856 1952 B.

315 2011 442 2068 ‘causan
461 2026 521 2066 rur.
541 2026 602 2066 ssu.
622 2026 650 2066 n.
673 2025 806 2067 cronnom
826 2027 885 2066 nm.

169 2143 197 2184 r.
210 2123 284 2183 Ersr
297 2133 326 2182 te
340 2122 408 2179 nihil
422 2132 539 2194 temere,
550 2121 619 2179 nihil
633 2123 830 2197 imprudenter
841 2122 983 2180 facturum
993 2122 1067 2183 iudi·

123 2241 234 2292 caram,
249 2231 348 2280 tamen
367 2230 516 2295 permotus
531 2219 682 2277 hominurn
697 2220 775 2277 sama
791 2219 975 2278 scribendum
990 2222 1027 2279 ad
1041 2232 1069 2281 te

124 2319 287 2381 exisrimavi
306 2328 335 2377 et
356 2336 409 2393 pro
430 2326 530 2375 nostra
551 2317 753 2375 benevolentia
772 2317 938 2393 petendum,
957 2337 1068 2395 nequo

123 2416 341 2496 progredereris
354 2415 515 2492 proclinata
529 2415 586 2473 iam
601 2433 640 2485 re,
650 2432 709 2489 quo
724 2415 836 2490 integra
851 2416 937 2473 etiam
951 2435 1068 2491 progre-

124 2515 266 2576 diendum
280 2514 331 2572 tibi
345 2531 406 2571 non
420 2512 633 2583 existimasses3
655 2530 781 2587 namque
796 2521 825 2570 et
844 2513 984 2571 amicitiae
1003 2532 1068 2588 gra-

124 2615 236 2673 viorem
256 2611 390 2670 iniuriam
411 2610 513 2668 feceris
534 2621 564 2668 et
584 2610 635 2667 tibi
659 2610 755 2667 minus
780 2612 936 2669 commode
961 2630 1067 2669 consu·

124 2713 222 2783 tueris,
242 2712 267 2770 si
287 2728 348 2768 non
367 2710 499 2769 fortunae
519 2711 676 2767 obsecutus
696 2709 970 2768 videbere—omnia
989 2712 1068 2768 enirn

125 2810 338 2871 semmdissima
351 2808 445 2879 nobis,
455 2807 657 2866 adversissima
670 2806 723 2864 illis
738 2807 877 2866 accidisse
889 2807 1066 2879 videntur—,

124 2926 182 2969 nec
195 2925 315 2968 causam
329 2905 590 2966 secutus-eadem
604 2905 681 2962 enirn
696 2914 758 2962 tum
769 2904 828 2973 fuit,
840 2923 906 2962 cum
917 2906 954 2962 ab
965 2924 1066 2965 eorum

124 3006 256 3067 consiliis
280 3004 381 3062 abesse
408 3002 589 3072 iudicasti-,
611 3001 663 3060 sed
691 3020 790 3059 meum
818 3002 934 3077 aliquod
959 3004 1068 3062 sactum

125 3103 377 3172 condemnavisse,
405 3118 464 3176 quo
492 3100 563 3157 mihi
590 3101 704 3175 gravius
733 3102 785 3158 abs
813 3110 841 3159 te
869 3100 908 3158 nil
937 3102 1067 3162 accidere

124 3211 224 3281 potest
230 3220 239 3275 ;
265 3199 345 3276 quod
366 3217 404 3256 ne
424 3198 521 3268 facias,
544 3217 597 3274 pro
619 3199 679 3255 iure
701 3209 817 3256 nostrae
838 3199 979 3258 amicitiae
1001 3210 1067 3258 ate

125 3312 204 3381 peto.
249 3319 276 3359 a.
299 3298 459 3370 Postremo,
477 3299 548 3375 quid
571 3299 631 3356 viro
655 3298 736 3357 bono
764 3308 793 3357 et
817 3299 914 3375 quieto
934 3309 964 3358 et
986 3300 1068 3358 bono
