2392 3848
105 204 149 269 up.
163 201 204 268 7⁶,
217 185 273 279 ta]
319 203 431 253 rrrsr.
454 203 503 253 Ap
524 204 817 257 summarum.
833 213 863 280 9.
988 205 1050 277 175

105 352 234 413 officium
251 352 404 429 neglexisti
423 373 519 431 neque
537 355 607 412 mihi
629 356 807 415 consuluisti.
850 352 954 432 Neque
974 355 1049 413 haec

105 451 183 522 dico,
203 452 286 528 quod
306 451 434 510 diffidam
455 453 521 512 huic
542 472 655 522 causae,
677 455 730 512 sed
751 454 835 512 crede
857 453 935 525 mihi,
957 454 1049 529 perire

105 549 196 609 satius
219 558 264 608 est
283 567 372 625 quam
394 549 450 608 hos
471 551 573 608 videre.
623 570 649 609 a.
675 550 765 622 Quod
787 553 811 610 si
832 551 919 609 timor
939 560 1050 609 vestrae

105 645 282 706 crudelitatis
303 664 364 733 pon
385 656 468 718 esset,
490 647 572 705 eiecti
592 648 651 705 iam
672 648 785 723 pridem
805 647 873 706 hinc
898 666 1029 707 essemus
1040 669 1049 719 ;

105 761 176 804 nam
189 744 237 803 hic
249 764 328 804 nunc
342 756 455 822 praeter
468 746 661 805 faeneratores
681 765 791 822 paucos
809 767 864 806 nee
884 747 979 807 homo.
994 768 1049 808 nec

105 840 181 901 crdo
188 842 345 919 quisquam
359 853 403 901 est
417 843 472 901 nisi
486 842 690 919 Pompeianus.
725 843 871 921 Equidem
885 847 944 903 iam
955 846 1048 918 effeci,

105 948 137 998 ut
149 939 279 998 maxime
293 939 376 1016 plebs
390 952 427 1011 et,
442 941 492 1017 qui
511 951 597 998 antea
616 952 715 999 noster
734 941 794 1011 fuit,
810 943 936 1018 populus
955 953 1049 1002 vester

105 1045 192 1096 esset
224 1035 302 1095 ‘Cur
315 1035 404 1097 hocl'
417 1038 521 1114 inquis.
564 1037 661 1096 Immo
675 1038 785 1114 reliqua
799 1048 980 1114 exspectate3
996 1059 1048 1099 vos

105 1133 211 1193 invitos
231 1135 344 1193 vincere
369 1153 503 1210 coegero.
549 1133 654 1194 Geram
675 1136 796 1193 alterurn
816 1155 865 1194 me
886 1136 1047 1196 Catonem:

105 1248 159 1291 ros
172 1230 313 1302 dormitis,
324 1250 419 1309 neque
434 1232 529 1290 adhuc
543 1233 613 1289 mihi
625 1232 759 1291 videmini
773 1232 948 1308 intellegere,
959 1252 1047 1309 quam

105 1344 163 1388 nos
176 1338 328 1404 pateamus
341 1339 371 1388 et
385 1348 473 1406 quam
488 1331 578 1389 simus
592 1330 735 1388 imbecilli.
763 1330 861 1406 Atque
875 1331 932 1390 hoc
944 1333 1048 1392 nullius

105 1444 227 1505 praemu
248 1445 300 1504 spe
321 1427 435 1497 faciam,
451 1428 512 1497 sed,
526 1428 607 1504 quod
628 1428 706 1504 apud
727 1446 775 1487 me
795 1428 952 1505 plurimum
974 1430 1047 1489 solet

105 1523 210 1594 valere,
219 1524 327 1583 doloris
341 1535 428 1601 atque
442 1525 618 1600 indignitatis
633 1543 729 1584 causa.
764 1525 845 1599 Quid
858 1527 922 1586 istie
935 1529 1048 1587 facitis?

105 1628 249 1708 proelium
270 1631 450 1706 exspectatis,
466 1631 546 1706 quod
565 1631 761 1690 firmissimum
781 1632 887 1692 habet?
928 1635 1047 1694 Vestras

105 1728 208 1806 copias
229 1746 290 1787 non
311 1728 394 1800 novi;
416 1728 508 1787 nostri
526 1727 610 1787 valde
628 1729 795 1806 depugnare
809 1741 839 1790 et
852 1731 936 1791 facile
950 1733 1048 1810 algere

105 1837 135 1887 ct
147 1827 255 1886 esurire
269 1835 454 1885 consuerunt.

320 1987 367 2043 77.
395 1982 454 2040 ΑΙ)
470 1983 721 2042 FAMILIARES
740 1985 793 2043 IX.
810 2006 837 2061 9.

159 2089 225 2152 Sca.
247 2112 278 2152 nr
299 2095 442 2158 Causanrs
462 2117 579 2160 casrnrs
599 2117 693 2157 urusr
714 2098 797 2156 Maro
818 2118 892 2159 nuc
916 2103 984 2176 706.

369 2223 541 2264 uocarrcca
561 2222 583 2263 s.
598 2224 625 2264 o.
641 2224 783 2265 crearem.

148 2340 176 2381 1.
197 2320 226 2380 S.
242 2339 268 2379 v.
283 2339 310 2380 e.
325 2339 352 2378 v.
367 2328 396 2378 et
413 2320 510 2378 Tullia
530 2331 630 2378 nostra
650 2331 727 2379 recte
747 2340 772 2381 v.
792 2321 930 2382 Terentia
950 2326 1048 2386 minus

105 2420 181 2479 belle
194 2419 301 2488 habuit,
313 2418 364 2477 sed
379 2428 490 2477 certum
504 2419 565 2476 scio
579 2419 638 2476 iam
652 2419 831 2478 convaluisse
843 2439 917 2479 eam.
959 2421 1046 2483 Prae·

105 2530 184 2578 terea
197 2518 354 2576 rectissime
369 2527 435 2575 sunt
449 2516 528 2592 apud
542 2526 569 2574 te
589 2517 696 2574 omnia.
737 2517 798 2575 Etsi
818 2519 897 2577 nullo
916 2530 1047 2595 tempore

105 2618 134 2676 ln
159 2617 351 2693 suspitionem
375 2615 425 2672 tibi
451 2615 538 2673 debui
561 2614 658 2673 venire
682 2615 807 2690 partium
835 2635 922 2675 causa
950 2620 1046 2695 potius

105 2732 194 2791 quam
218 2723 268 2772 tua
291 2712 341 2772 tibi
366 2712 494 2782 suadere,
515 2721 547 2770 ut
571 2720 599 2769 te
624 2723 673 2769 aut
700 2729 768 2769 cum
796 2711 920 2772 Caesare
948 2717 1046 2773 nobis-

105 2829 231 2888 cumque
245 2812 437 2884 coniungeres
452 2820 501 2867 aut
516 2818 591 2867 certe
606 2808 635 2865 in
651 2810 742 2866 otium
753 2809 881 2880 referres,
891 2814 1045 2888 praecipue

105 2911 261 2971 nunciam
280 2909 414 2968 inclinata
432 2909 559 2977 victoria,
573 2926 610 2964 ne
630 2925 750 2982 possum
770 2909 887 2983 quidem
907 2910 937 2966 in
958 2910 1045 2968 ullam

105 3009 192 3069 aliam
206 3007 333 3066 incidere
347 3007 516 3082 opinionem
535 3005 589 3063 nisi
608 3006 638 3062 in
658 3023 732 3073 eam,
747 3006 777 3062 in
791 3023 849 3080 qua
868 3006 976 3064 scilicet
995 3009 1046 3067 tibi

105 3106 227 3166 suadere
241 3105 346 3174 videar,
361 3103 441 3179 quod
455 3103 502 3178 pie
517 3111 611 3160 tacere
625 3120 686 3160 non
700 3103 827 3176 possim:
843 3112 873 3159 tu
889 3112 994 3172 autem,
1005 3107 1045 3162 mi

105 3201 219 3270 Cicero,
229 3201 270 3260 sic
283 3201 357 3259 haec
372 3200 503 3275 accipies,
514 3209 553 3269 ut,
564 3200 623 3257 sive
636 3200 835 3274 probabuntur
846 3200 897 3257 tibi
911 3200 970 3259 sive
985 3219 1045 3259 non

105 3300 313 3378 probabuntur,
325 3298 363 3356 ab
377 3299 489 3374 optimo
504 3307 581 3355 certe
596 3298 693 3355 animo
708 3315 743 3355 ac
758 3296 937 3354 deditissimo
952 3298 1002 3355 tibi
1017 3310 1045 3357 et

105 3397 232 3475 cogitata
258 3405 287 3456 et
314 3396 420 3474 scripta
446 3411 511 3454 esse
538 3394 656 3454 iudices.
707 3412 732 3452 a.
756 3393 967 3454 Animadvertis
989 3395 1044 3455 Cn.
