2498 3840
149 206 211 267 144
418 198 458 247 rr.
483 197 603 247 rurrrr
624 197 811 250 cressonis
960 184 1033 269 [rm
1047 199 1094 247 111.

147 353 281 419 relatore,
297 348 471 424 Pompeium
489 357 518 406 et
537 346 693 406 Caesarem
707 345 845 421 coniungi
863 363 960 422 posse.
1001 345 1094 416 Quod

148 450 172 508 si
193 449 301 505 lactum
320 447 379 516 erit,
394 464 442 504 me
462 446 530 504 satis
549 444 652 502 vixIsse
672 445 790 519 putabo.
832 462 859 518 3.
881 442 1003 501 Factum
1018 441 1094 501 Cae·

148 546 221 604 saris
235 544 272 601 de
287 542 419 601 Corfinio
433 553 524 600 totum
538 551 567 599 te
581 542 769 617 probaturum
784 540 861 599 scio:
883 539 1050 615 quomodo
1064 539 1095 597 in

148 639 307 700 eiusmodi
326 658 365 710 re,
381 639 564 698 commodius
579 639 682 697 cadere
697 655 758 695 non
776 637 869 712 potuit
887 654 977 712 quam
994 643 1029 694 ut
1047 653 1094 694 res

149 740 211 798 sine
227 738 368 812 sanguine
384 737 529 795 confieret.
571 735 655 794 Balbi
669 737 726 793 mei
745 736 844 810 tuique
858 736 985 794 adventu
997 734 1096 793 delec-

148 843 240 893 tatum
261 843 290 893 te
310 833 393 892 valde
416 833 548 910 gaudeo:
570 833 594 890 is
615 850 816 908 quaecumque
836 833 888 891 tibi
909 832 946 890 de
967 829 1096 890 Caesare

148 932 219 991 dixit
233 949 368 1008 quaeque
382 930 490 989 Caesar
504 931 625 1006 scripsit,
640 930 709 1000 scio,
723 948 754 988 re
773 929 824 987 tibi
845 928 989 1004 probabit,
1002 945 1096 1005 quae-

148 1047 274 1108 cumque
287 1028 404 1087 fortuna
417 1028 479 1086 eius
494 1028 587 1100 fuerit,
601 1029 747 1087 verissIme
762 1028 918 1104 scripsisse.

350 1188 397 1243 59.
438 1183 496 1241 AD
517 1182 712 1243 ATTICUM
733 1182 816 1241 VIII.
843 1183 889 1242 16.

201 1297 266 1358 Sca.
287 1298 410 1357 Fonmrs
430 1317 495 1356 ao.
516 1316 555 1356 rv.
576 1296 678 1357 Nonas
699 1297 837 1356 Manrms
858 1316 940 1358 auc.
965 1311 1033 1373 705.

499 1423 602 1464 crcuno
622 1421 737 1463 marco.

192 1538 216 1577 1.
239 1519 341 1578 Ouum
359 1517 430 1576 mihi
448 1517 564 1594 provIsa
584 1528 651 1575 sunt
669 1526 781 1592 praeter
795 1516 941 1576 occultum
955 1528 985 1578 et
998 1528 1096 1579 tutum

148 1619 200 1675 iter
214 1617 251 1675 ad
265 1635 345 1675 mare
359 1633 512 1691 superum,
534 1614 590 1672 hoc
604 1614 682 1671 enim
702 1614 774 1671 mari
792 1615 833 1672 uti
853 1633 915 1673 non
933 1633 1092 1692 possumus

126 1702 205 1773 'hoc
225 1724 356 1787 tempore
378 1713 464 1770 anni:
496 1711 561 1769 illuc
582 1722 687 1781 autem,
709 1729 768 1787 quo
790 1722 901 1787 spectat
920 1714 1036 1774 animus
1063 1725 1095 1775 et

148 1830 207 1887 quo
222 1828 268 1868 res
282 1821 375 1880 vocat,
390 1828 449 1886 qua
462 1810 595 1868 veniam?
616 1809 780 1867 cedendum
799 1810 876 1866 enim
894 1821 938 1869 est
951 1811 1092 1882 celeriter,

149 1929 185 1967 ne
200 1908 274 1967 forte
288 1926 347 1984 qua
364 1927 395 1965 re
414 1908 555 1983 impediar
574 1918 660 1982 atque
674 1906 779 1981 alliger.
822 1906 886 1966 Nec
900 1925 968 1967 vero
981 1908 1029 1968 ille
1043 1927 1092 1969 me

150 2008 237 2076 ducit,
252 2007 302 2082 qui
315 2007 433 2077 videtur,
449 2023 536 2081 quem
551 2023 607 2080 ego
626 2004 774 2063 hominem
793 2007 1008 2063 drolrrrxdmov
1027 2026 1093 2067 om·

92 2091 96 2098 ‘
150 2106 232 2161 nium
246 2105 304 2161 iam
323 2114 388 2161 ante
408 2120 577 2178 cognoram,
591 2120 669 2160 nunc
688 2119 755 2159 vero
769 2103 855 2160 etiam
869 2104 1094 2178 ἀστρατηγικότα-

149 2226 202 2258 τον.
244 2199 315 2258 Non
329 2219 375 2258 me
395 2200 480 2275 igitur
494 2200 518 2258 is
532 2199 618 2268 ducit,
634 2198 684 2256 sed
705 2215 801 2256 sermo
815 2198 974 2270 homiuum,
989 2201 1041 2276 qui
1055 2203 1094 2261 ad

152 2317 200 2355 me
213 2316 232 2354 a
247 2296 398 2354 Philotimo
419 2296 550 2354 scribitur
560 2317 568 2367 ;
590 2295 614 2352 is
635 2295 713 2351 enim
733 2313 780 2353 me
799 2295 837 2353 ab
850 2297 1039 2370 optimatibus
1053 2301 1096 2358 ait

151 2395 310 2454 conscindi.
352 2393 466 2465 Quibus
488 2392 683 2469 optimatibus
706 2392 734 2449 di
755 2376 839 2450 bonil
862 2393 911 2467 qui
932 2411 1011 2453 nunc
1032 2414 1095 2471 quo

150 2491 243 2549 modo
256 2493 428 2549 occurruntl
450 2508 508 2566 quo
524 2490 614 2548 modo
629 2500 725 2547 autem
745 2508 776 2547 se
795 2490 943 2547 venditant
957 2489 1095 2552 Caesari!

153 2589 315 2663 lllunicipia
335 2606 403 2645 vero
425 2589 521 2659 deum,
543 2606 597 2646 nec
619 2586 761 2656 simulant,
777 2595 808 2644 ut
828 2604 896 2644 cum
917 2587 953 2645 de
974 2587 1025 2646 illo
1046 2609 1097 2650 ae-

151 2698 236 2762 groto
257 2695 324 2743 vota
345 2684 496 2743 faciebant.
542 2705 569 2743 a.
592 2685 650 2742 Sed
672 2685 766 2760 plane,
788 2684 926 2760 quicquid
949 2685 1019 2743 mali
1047 2687 1097 2747 hic

152 2784 316 2843 Pisistratus
338 2801 398 2841 non
419 2783 526 2853 fecerit,
548 2791 606 2840 tam
635 2793 749 2857 gratum
771 2792 822 2851 est,
844 2800 932 2857 quam
959 2783 983 2840 si
1004 2783 1098 2842 alium

153 2883 247 2941 facere
268 2881 463 2958 prohibuerit;
485 2881 558 2938 hunc
579 2881 735 2956 propitium
756 2889 880 2956 sperant,
895 2879 974 2937 illum
988 2881 1097 2941 iratum

152 2989 260 3056 putant.
306 2978 389 3050 Quas
410 2979 470 3036 fieri
497 2996 599 3036 censes
620 2978 773 3048 ἀπαντήσεις
792 2995 829 3035 ex
850 2977 982 3054 oppidis!
1018 2997 1097 3055 quos

155 3078 300 3136 honoresl
338 3074 507 3133 ‘Metuunt'
536 3076 657 3151 inquies.
708 3074 812 3145 Credo,
841 3075 894 3132 sed
928 3074 1097 3135 mehercule

154 3175 233 3232 lllum
252 3175 364 3249 magis:
386 3174 470 3231 huius
490 3173 629 3232 insidiosa
648 3172 799 3231 clementia
818 3171 1004 3240 delectantur,
1019 3171 1098 3232 illius

154 3272 332 3329 iracundiam
352 3272 516 3330 formidant.
559 3271 671 3330 Iudices
693 3271 728 3327 de
750 3287 855 3340 cccix,
869 3269 919 3344 qui
938 3271 1097 3346 praecipue

154 3367 258 3445 Gnaeo
279 3378 379 3427 nostro
401 3369 622 3439 delectabantur,
637 3387 673 3427 ex
694 3367 799 3444 quibus
819 3366 947 3443 quotidie
968 3366 1100 3444 aliquem
