2392 3848
118 191 180 274 248
391 203 429 253 n.
455 203 574 251 ruam
595 200 787 250 arcanorum
948 188 1050 272 [nar.

309 417 375 471 123.
416 413 473 470 An
494 410 744 470 FAMILIARES
765 410 818 470 ΧΙ.
842 399 871 485 ’5.

192 518 256 579 Sca.
280 518 389 577 Roma
411 537 502 578 uuum
523 537 617 577 unnsu
637 517 793 578 Ducuunru
813 535 899 577 nuc.
923 531 992 593 710.

253 644 283 684 n.
305 644 407 684 crcnno
427 644 449 684 s.
464 644 492 683 n.
507 642 536 683 n.
556 641 654 684 snuro
673 642 733 682 mn.
754 641 812 684 cos.
834 641 929 682 nnsm.

159 765 185 805 1.
206 744 303 804 Lupus
325 745 470 804 familiaris
490 755 589 805 noster
614 764 682 805 cum
704 755 768 805 ate
787 747 914 804 venisset
936 763 1056 822 cumque

116 843 231 903 Romae
260 845 405 919 quosdam
433 845 495 903 dies
522 852 759 914 commoraretur,
783 861 841 919 ego
866 862 949 901 eram
973 843 1005 902 in
1026 843 1057 901 iis

116 944 196 1012 locis,
218 943 248 998 in
276 944 382 1017 quibus
410 943 538 1000 maxime
566 953 627 1000 tuto
655 961 704 1000 me
728 960 793 1000 esse
817 941 979 999 arbitrabar
986 960 995 1014 ;
1025 959 1057 1000 eo

116 1040 223 1099 sactum
251 1052 294 1098 est
321 1053 352 1098 ut
381 1041 418 1098 ad
446 1050 474 1098 te
502 1039 603 1116 Lupus
631 1041 694 1099 sine
720 1040 792 1099 meis
819 1039 920 1098 litteris
950 1040 1056 1110 rediret,

117 1156 183 1197 cum
208 1147 305 1196 tamen
329 1148 462 1209 curasset,
485 1147 548 1196 tuas
569 1137 607 1196 ad
626 1156 675 1197 me
695 1137 889 1214 perferendas.
932 1136 1057 1195 Romam

117 1246 214 1293 autem
241 1236 306 1293 veni
334 1254 359 1294 a.
385 1237 414 1295 d.
439 1256 464 1293 v.
493 1235 563 1294 Idus
591 1236 673 1307 Dec,
701 1255 757 1295 nec
784 1235 872 1294 habui
903 1237 1058 1312 quicquam

117 1335 269 1410 antiquius,
289 1352 377 1409 quam
399 1344 430 1392 ut
451 1334 579 1392 Pansam
600 1335 697 1393 statim
718 1335 922 1406 convenirem
944 1353 983 1392 ex
1004 1351 1059 1411 quo

116 1450 151 1490 ea
170 1432 206 1489 de
225 1442 253 1490 te
273 1433 406 1507 cognovi,
427 1451 501 1508 qnae
520 1432 646 1490 maxime
665 1433 812 1508 optabam.
855 1430 975 1504 Quare
996 1432 1058 1491 hor·

116 1530 224 1588 tatione
253 1540 284 1588 tu
308 1531 426 1606 quidem
454 1548 515 1589 non
539 1549 618 1607 eges,
639 1531 663 1589 si
690 1549 728 1589 ne
754 1531 785 1588 in
809 1531 857 1589 illa
880 1531 1002 1606 quidem
1021 1549 1058 1602 re,

119 1647 193 1704 quae
216 1647 233 1686 a
254 1640 282 1686 te
303 1640 385 1703 gesta
406 1638 450 1686 est
469 1639 538 1704 post
557 1628 711 1687 hominum
732 1629 903 1687 memoriam
925 1630 1058 1700 maxima,

116 1727 295 1784 hortatorem
323 1727 499 1786 desiderasti,
544 1746 569 1786 2.
591 1726 667 1785 Illud
694 1737 792 1785 tamen
820 1727 943 1786 breviter
975 1727 1059 1804 signi·

117 1825 264 1882 ficandum
304 1825 424 1896 videtur,
459 1825 600 1901 populum
636 1824 805 1883 Romanum
840 1825 941 1883 omnia
981 1844 1000 1885 a
1034 1836 1060 1885 te

118 1934 286 2000 exspectare
308 1933 394 2000 atque
415 1923 446 1980 in
470 1933 497 1980 te
518 1923 674 1998 aliquando
695 1923 900 1998 reciperandae
925 1923 1060 1983 libertatis

118 2038 239 2077 omnem
267 2039 350 2096 spem
378 2039 496 2096 ponere.
546 2022 602 2093 Tu,
632 2022 656 2079 si
684 2021 745 2079 dies
773 2032 933 2097 noctesque
960 2022 1060 2081 memi-

119 2119 203 2188 neris,
224 2119 304 2194 quod
325 2129 352 2176 te
374 2118 468 2176 facere
490 2128 568 2176 certo
591 2119 661 2190 scio,
680 2129 820 2195 quantam
844 2138 908 2177 rem
928 2122 1060 2199 gesseris,

119 2229 178 2267 non
200 2211 367 2269 obliviscere
388 2211 529 2287 profecto,
544 2222 668 2287 quantae
687 2213 738 2269 tibi
757 2212 844 2270 etiam
861 2231 941 2273 nunc
958 2233 1061 2290 geren-

119 2310 173 2365 dae
208 2309 280 2366 sint:
318 2309 342 2367 si
377 2310 456 2367 enim
487 2310 540 2368 iste
574 2311 754 2386 provinciam
783 2319 886 2369 nactus
920 2313 982 2384 erit,
1017 2314 1061 2373 cui

119 2406 236 2480 quidem
264 2425 321 2481 ego
350 2425 465 2483 semper
493 2408 603 2465 amicus
631 2407 673 2465 fui
697 2417 774 2478 ante,
800 2427 889 2486 quam
914 2409 996 2468 illum
1020 2412 1061 2470 in·

119 2504 213 2562 tellexi
241 2523 302 2562 non
330 2506 421 2563 modo
451 2515 559 2581 aperte,
586 2507 639 2564 sed
667 2507 754 2564 etiam
784 2506 906 2565 libenter
934 2527 1004 2567 cum
1031 2528 1061 2569 re

119 2603 234 2678 publica
268 2603 376 2660 bellum
411 2623 520 2680 gerere,
549 2623 633 2680 spem
665 2605 805 2680 reliquam
837 2605 949 2664 nullam
979 2606 1063 2667 video

120 2700 225 2759 salutis.
278 2721 304 2776 3.
337 2700 435 2771 Quam
457 2703 496 2759 ob
517 2721 579 2760 rem
600 2712 628 2760 te
649 2704 772 2761 obsecro
794 2703 897 2761 iisdem
919 2706 1061 2780 precibus,

120 2799 223 2875 quibus
250 2809 365 2857 senatus
390 2800 575 2875 populusque
598 2800 760 2871 Romanus,
780 2810 813 2858 ut
837 2801 867 2858 in
891 2813 1063 2878 perpetuum

120 2898 347 2972 rempublicam
370 2898 520 2955 dominatu
541 2899 622 2974 regio
643 2899 755 2970 liberes,
768 2909 801 2957 ut
821 2899 973 2976 principiis
994 2918 1062 2960 con·

121 2994 244 3052 sentiant
268 2997 369 3054 exitus.
411 2995 510 3054 Tuum
535 3006 579 3054 est
602 2996 659 3055 hoc
684 3014 800 3067 munus,
823 3006 889 3055 tuae
911 3007 1010 3074 partes
1017 3019 1026 3072 ;
1046 3015 1064 3057 a

121 3104 149 3150 te
171 3091 226 3150 hoc
252 3095 349 3151 civitas
371 3094 415 3151 vel
438 3112 542 3153 omnes
564 3094 661 3170 potius
684 3104 786 3170 gentes
810 3112 870 3153 non
893 3105 1064 3172 exspectant

122 3191 225 3262 solum,
254 3192 306 3249 sed
337 3193 423 3250 etiam
453 3193 618 3268 postulant:
651 3210 837 3268 quamquam,
867 3211 936 3251 cum
969 3192 1063 3253 horta·

122 3290 200 3346 tione
225 3308 286 3347 non
306 3308 403 3365 egeas,
422 3300 454 3348 ut
475 3309 561 3365 supra
582 3291 691 3366 scripsi,
712 3308 773 3348 non
793 3301 858 3348 utar
879 3286 914 3349 e'a
935 3291 1063 3367 pluribus

123 3386 233 3459 verbis;
255 3387 359 3446 faciam
381 3388 458 3459 illud,
473 3387 552 3463 quod
574 3406 673 3446 meum
693 3398 745 3460 est,
759 3398 792 3447 ut
812 3388 864 3447 tibi
883 3389 984 3448 omnia
999 3407 1064 3449 mea
