2498 3840
150 203 212 272 170
418 198 459 249 u.
484 197 605 248 rurrrr
625 198 812 249 crcunoms
960 170 1058 276 [urar

147 369 230 410 meae
245 366 298 427 pro
313 359 363 408 tuo
383 349 413 408 in
432 366 488 407 nos
509 367 609 408 amore
628 367 690 407 non
708 347 848 425 indigent.
890 345 955 408 Nec
975 349 1060 409 hercu

148 467 205 524 ego
220 448 337 525 quidem
351 448 473 524 reperio,
485 449 555 523 quid
569 449 692 506 scribam
697 467 706 520 ;
728 448 818 507 sedeo
832 447 911 505 enim
924 450 1060 505 πλουδοκῶ

148 547 202 606 etsi
221 545 290 603 nihil
309 563 450 621 umquam
470 557 529 604 tam
548 545 600 604 luit
620 545 805 604 scribendum
824 563 914 621 quam
933 545 1006 604 nihil
1023 548 1060 604 mi

148 661 288 720 umquam
307 662 344 701 ex
358 643 487 719 plurimis
507 643 562 701 tuis
581 643 806 701 iucunditatibus
825 644 934 718 gratius
952 644 1060 703 accidis

149 759 238 818 quam
259 740 339 818 quod
359 759 456 799 meam
477 741 605 799 Tulliam
627 742 794 799 suavissime
817 740 1060 819 diligentissimeq

150 838 385 898 coluisti-valde
414 857 450 896 eo
479 839 542 915 ipsa
571 839 711 897 delectata
741 849 793 908 est,
821 856 878 914 ego
906 848 1005 897 autem
1034 859 1060 898 n<

149 937 296 1006 minus—,
318 937 400 994 cuius
421 936 540 1012 quidem
560 937 647 994 virtus
668 936 796 994 mirifica.
839 935 909 1007 Quo
932 938 1025 997 modo
1051 939 1060 996 i

150 1036 205 1094 fert
232 1035 379 1112 publicam
407 1034 538 1093 cladem!
568 1051 628 1110 quo
655 1034 747 1093 modo
780 1034 958 1094 domesticas
989 1037 1060 1095 trica

151 1143 276 1210 quantus
291 1142 388 1190 autem
405 1133 519 1190 animus
534 1133 564 1190 in
583 1133 712 1190 discessu
730 1135 847 1190 nostrol
870 1141 914 1190 est
927 1135 1060 1208 στοργῆ,«

151 1248 266 1289 summa
285 1230 422 1300 σύντηξιςτ
443 1241 542 1288 tamen
562 1248 618 1288 nos
637 1238 714 1288 recte
734 1230 828 1288 facere
850 1240 878 1288 et
899 1231 974 1290 bene
997 1233 1060 1291 audi

150 1329 218 1387 volt.
263 1347 308 1386 10.
333 1328 392 1386 Sed
413 1328 467 1387 hac
489 1347 575 1404 super
596 1329 745 1400 reninis,
767 1347 805 1386 ne
826 1347 924 1387 meam
944 1331 1008 1405 ipse
1030 1356 1060 1388 σι

150 1429 256 1484 nideror
269 1427 328 1484 iam
342 1445 471 1485 evocem.
514 1427 572 1497 Tu,
587 1427 612 1485 si
630 1427 700 1502 quid
720 1427 756 1484 de
771 1426 925 1503 Hispaniis
943 1429 1052 1488 certius

152 1525 176 1584 si
191 1523 260 1601 quid
274 1522 360 1594 aliud,
376 1525 446 1582 dum
460 1526 609 1595 adsumus,
625 1525 733 1583 scribes
747 1534 776 1582 et
790 1543 847 1600 ego
862 1524 984 1585 fortasse
1004 1527 1060 1586 dis<

153 1623 225 1681 dens
245 1621 321 1679 dabo
341 1621 379 1680 ad
398 1632 426 1680 te
444 1622 560 1698 aliquid,
574 1640 611 1680 eo
631 1623 718 1679 etiam
737 1623 841 1697 magis,
861 1622 941 1698 quod
955 1623 1055 1684 Tullia

151 1739 214 1778 non
233 1720 352 1795 putabat
371 1719 428 1778 hoc
447 1730 578 1794 tempore
598 1739 634 1778 ex
649 1719 738 1778 Italia.
783 1718 860 1778 Cum
877 1719 1010 1780 Antonio
1029 1724 1060 1783 ite

152 1826 196 1877 est
221 1818 376 1893 agendum,
399 1826 432 1875 ut
455 1836 523 1875 cum
548 1817 683 1888 Curione,
707 1817 825 1876 Melitae
848 1836 897 1876 me
920 1819 1007 1878 velim
1025 1840 1060 1880 es

152 1917 220 1975 huic
233 1916 311 1973 bello
328 1914 406 1974 nolle
424 1916 581 1974 interesse:
603 1934 639 1973 eo
653 1915 739 1973 velim
757 1925 817 1973 tam
833 1914 908 1974 facili
925 1917 968 1975 uti
987 1936 1059 1995 poss

153 2025 182 2074 et
198 2025 258 2072 tam
274 2015 355 2071 bono
375 2014 405 2071 in
425 2031 474 2071 me
494 2032 584 2089 quam
605 2012 741 2071 Curione.
786 2013 816 2074 Is
837 2013 875 2071 ad
896 2013 1048 2076 Misenum

154 2114 259 2173 Nonas
269 2121 406 2171 venturus
422 2113 577 2183 dicebatur,
589 2113 619 2170 id
633 2123 677 2170 est
692 2112 788 2183 hodie,
800 2111 852 2171 sed
866 2115 1016 2189 praemisit
1029 2135 1061 2174 m

155 2212 273 2271 odiosas
287 2211 395 2270 litteras
409 2211 465 2268 hoc
480 2209 624 2286 exemplo.

365 2369 413 2424 72.
454 2364 512 2422 ΑΙ)
532 2363 728 2424 ATTICUM
749 2364 786 2422 X.
810 2368 827 2423 8
849 2365 886 2424 A.

228 2483 388 2540 ‘ANTONIUS
409 2500 484 2540 TRIB.
507 2500 551 2541 PL·
573 2500 635 2540 PRO.
658 2500 702 2539 PR.
725 2500 859 2542 CICERONI
880 2501 938 2541 ΙΜΡ.
961 2501 1024 2544 SAL.

201 2614 225 2652 r.
247 2594 313 2653 Nrs1
333 2604 360 2652 te
375 2595 458 2653 valde
478 2613 616 2667 amarem,
631 2606 659 2654 et
674 2597 765 2654 multo
781 2598 900 2673 quidem
919 2598 994 2674 plus,
1012 2619 1060 2676 qur

156 2705 188 2754 tu
208 2704 302 2772 putaS,
317 2711 379 2750 non
400 2694 598 2752 extimuissem
619 2712 774 2765 rumorem,
792 2696 841 2770 qui
863 2695 899 2753 de
921 2705 949 2754 te
971 2699 1060 2773 prolar

157 2804 209 2862 est,
231 2809 299 2850 cum
320 2791 489 2866 praesertim
508 2789 615 2850 falsum
636 2811 699 2850 esse
721 2793 934 2865 existimarem
961 2795 1015 2853 sed
1034 2814 1060 2872 qr

157 2903 186 2950 te
201 2891 292 2948 nimio
306 2889 372 2965 plus
386 2889 484 2964 diligo,
499 2908 561 2947 non
576 2908 698 2965 possum
714 2890 894 2949 dissimulare
907 2891 979 2950 mihi
992 2892 1060 2952 fam:

158 3007 285 3067 quoque,
307 2989 438 3064 quamvis
463 2989 499 3046 sit
519 2988 598 3058 salsa,
619 2990 719 3065 magni
741 3007 813 3050 esse.
858 2989 896 3047 Te
918 2991 1027 3050 iturum
1050 3012 1060 3049 e

158 3100 238 3149 trans
258 3105 338 3143 mare
360 3086 477 3144 credere
493 3104 554 3144 non
572 3104 702 3162 possum,
720 3104 788 3145 cum
809 3088 880 3145 tanti
902 3087 992 3146 facias
1010 3088 1059 3148 Do

158 3185 265 3245 bellam
278 3190 304 3241 el
317 3184 444 3243 Tulliam
458 3195 546 3254 tuam,
562 3184 699 3242 feminam
712 3184 909 3255 lectissimam,
920 3187 1051 3263 tantique

160 3283 298 3364 omnibus
319 3283 404 3339 nobis
424 3282 484 3352 fias,
505 3281 610 3357 quibus
632 3281 796 3340 mehercule
819 3282 945 3356 dignitas
970 3283 1059 3359 ampli

161 3381 259 3456 doque
280 3388 331 3438 tua
352 3397 446 3456 paene
467 3379 559 3439 carior
583 3387 627 3438 est
648 3397 737 3455 quam
757 3379 809 3438 tibi
833 3380 905 3458 ipsi;
932 3381 985 3439 sed
1005 3391 1060 3439 tarn
