2498 3840
150 215 212 285 150
417 210 456 264 nr.
481 209 603 259 ruaarr
622 209 810 260 creanonrs
960 197 1032 280 [na
1047 210 1093 265 ur.

148 368 250 429 Idibus
277 384 296 426 a
321 383 370 425 me
398 364 546 442 profectus
573 375 634 424 est:
664 382 701 424 eo
729 365 820 424 serius
846 363 885 424 ad
908 373 989 425 tuam
1014 364 1094 424 illam

149 465 310 543 epistolam,
339 463 385 522 cui
413 480 470 538 ego
499 461 594 520 statim
628 461 839 537 rescripseram,
867 462 996 521 redditae
1026 470 1092 521 sunt

147 580 231 620 meae
245 562 363 619 litterae.
405 558 451 617 De
470 559 611 624 Domitio,
626 568 657 616 ut
678 558 786 629 scribis,
802 559 841 617 ita
855 559 960 636 opinor
973 577 1048 630 esse,
1062 568 1093 617 ut

149 659 228 717 etin
249 656 368 716 Cosano
389 657 426 715 sit
447 664 475 715 et
496 655 649 714 consilium
670 656 731 713 eius
752 656 910 731 ignoretur.
951 655 1012 715 Iste
1027 673 1093 716 om·

148 757 230 814 nium
243 755 424 831 turpissimus
443 764 471 813 et
489 754 712 824 sordidissimus,
728 753 777 830 qui
794 753 956 813 consularia
974 755 1096 815 comitia

149 872 166 912 a
186 863 318 929 praetore
334 854 373 910 ait
394 851 494 911 haberi
519 869 616 927 posse,
631 860 675 909 est
696 851 782 921 idem,
797 851 848 928 qui
872 870 988 928 semper
1009 853 1042 911 iu
1062 869 1094 912 re

148 948 265 1024 publica
280 945 339 1003 fuit
384 945 486 1021 Itaque
507 945 643 1002 nimirum
662 944 719 1004 hoc
738 944 807 1003 illud
821 954 873 1018 est,
888 946 969 1022 quod
983 943 1096 1004 Caesar

149 1044 247 1104 scribit
261 1044 336 1101 inea
351 1042 480 1118 epistola,
497 1042 579 1101 cuius
598 1041 765 1117 exemplum
785 1041 823 1101 ad
841 1052 870 1100 te
884 1043 958 1114 misi,
973 1061 1005 1103 se
1019 1043 1095 1102 velle

148 1143 190 1201 uti
216 1141 370 1200 ‘consilio’
406 1157 493 1212 meo;
528 1156 591 1214 age,
627 1149 706 1198 esto:
741 1139 798 1198 hoc
832 1158 990 1200 commune
1026 1150 1072 1200 est
1084 1158 1095 1213 ;

150 1238 260 1315 ‘gratia
269 1237 297 1310 ς’
318 1238 450 1312 ineptum
473 1236 503 1294 id
524 1236 650 1311 quidem,
666 1236 726 1308 sed,
740 1246 821 1312 pute,
836 1236 894 1297 hoc
916 1238 1033 1298 simulat
1054 1238 1096 1297 ad

150 1336 291 1412 quasdam
301 1344 466 1393 senatorum
481 1334 653 1405 sententias;
675 1334 834 1410 ‘dignitate
845 1332 865 1408 ;’
887 1333 1009 1394 sortasse
1025 1353 1095 1394 seu·

150 1434 239 1491 tentia
257 1431 410 1490 consulari.
453 1429 529 1489 Illud
547 1440 708 1489 extremum
729 1442 781 1503 est,
796 1437 870 1508 ‘ope
892 1433 1027 1492 omnium
1047 1451 1095 1491 re·

149 1525 244 1600 rum3'
265 1529 295 1587 id
315 1545 371 1604 ego
391 1527 531 1603 suspicari
545 1527 630 1604 coepi
644 1536 707 1586 tum
725 1545 762 1586 ex
781 1529 837 1588 tuis
857 1529 956 1588 litteris
970 1539 1021 1588 aut
1034 1529 1096 1588 hoc

149 1627 246 1702 ipsum
275 1644 338 1684 esse
364 1635 414 1683 aut
438 1642 499 1682 non
520 1624 611 1684 multo
636 1644 736 1684 secus:
764 1644 833 1684 nam
858 1627 1011 1703 permagni
1032 1626 1096 1685 eius

149 1725 268 1783 interest
282 1741 343 1781 rem
359 1723 397 1781 ad
411 1722 608 1796 interregnum
622 1741 683 1780 non
696 1725 811 1797 venire;
833 1723 863 1782 id
877 1724 1055 1800 adsequitur,
1070 1724 1097 1782 si

150 1840 202 1898 per
225 1830 391 1898 praetorem
414 1818 549 1878 consules
573 1829 714 1879 creantur.
756 1821 820 1881 Nos
841 1830 938 1881 autem
961 1821 1097 1881 inlibris

150 1920 293 1978 habemus
308 1935 370 1975 non
384 1915 475 1975 modo
489 1916 623 1976 consules
636 1935 654 1975 a
666 1927 808 1995 praetore,
823 1919 875 1978 sed
889 1936 927 1977 ne
945 1929 1097 1994 praetores

151 2017 270 2094 quidem
299 2015 390 2075 creari
416 2015 461 2073 ius
483 2032 557 2085 esse,
581 2014 669 2091 idque
696 2016 804 2074 factum
826 2034 891 2075 esse
915 2034 1097 2092 numquam3

152 2112 286 2173 consules
302 2131 339 2172 eo
354 2131 416 2171 non
430 2130 494 2171 esse
509 2113 563 2183 ius,
582 2115 661 2189 quod
675 2115 768 2173 maius
783 2115 935 2190 imperium
951 2132 969 2172 a
982 2116 1098 2173 minore

151 2213 246 2286 rogari
261 2229 323 2270 non
342 2211 379 2269 sit
399 2211 453 2281 ius,
468 2222 615 2286 praetores
636 2220 740 2282 autem,
756 2230 823 2269 cum
843 2212 883 2270 ita
900 2221 1051 2286 rogentur,
1065 2220 1099 2270 ut

153 2309 281 2384 collegae
310 2308 478 2367 consulibus
507 2309 571 2375 sint,
596 2326 720 2385 quorum
742 2318 786 2367 est
812 2309 905 2367 maius
930 2310 1095 2385 imperium.

153 2405 254 2464 Aberit
271 2424 333 2464 non
352 2405 441 2482 longe
463 2407 533 2482 quin
554 2407 612 2465 hoc
626 2425 643 2465 a
656 2425 703 2464 me
725 2406 841 2464 decerni
862 2406 929 2466 velit
949 2424 1047 2485 neque
1060 2407 1098 2468 sit

153 2512 308 2565 contentus
323 2503 426 2574 Galba,
442 2503 588 2575 Scaevola,
604 2503 716 2575 Cassio,
730 2503 878 2562 Antonio:

410 2613 468 2664 τότε
484 2633 524 2676 μοι
541 2615 611 2678 χάνοι
629 2615 706 2679 εὐρεῖα
723 2615 803 2679 χθόννί

154 2714 206 2773 sed
226 2721 336 2790 quanta
356 2722 513 2790 tempestas
537 2713 712 2789 impendeat,
733 2713 821 2771 vides.
864 2731 892 2784 4.
912 2710 974 2784 Qui
993 2713 1098 2771 transi·

153 2813 226 2872 erint
247 2819 403 2882 senatores
419 2811 542 2869 scribam
557 2809 594 2867 ad
609 2819 646 2882 te,
659 2828 727 2868 cum
748 2819 857 2867 certum
877 2809 1004 2868 habebo.
1049 2810 1098 2869 De

152 2929 184 2968 re
196 2908 382 2967 frumentaria
396 2918 473 2966 recte
492 2906 641 2982 intellegis,
656 2925 730 2982 quae
752 2908 831 2965 nullo
847 2907 938 2966 modo
958 2907 1098 2967 adminis-

152 3006 219 3063 trari
240 3006 303 3064 sine
322 3005 509 3080 vectigalibus
530 3012 635 3081 potest,
651 3022 706 3062 nec
727 3004 789 3062 sine
810 3022 898 3063 causa
917 3014 947 3063 et
968 3022 1031 3077 eos,
1045 3005 1098 3082 qui

153 3104 261 3162 circum
276 3103 356 3161 illum
372 3111 448 3174 sunt,
464 3103 562 3160 omnia
581 3101 760 3177 postulantes
777 3111 806 3160 et
824 3102 933 3160 bellum
952 3103 1098 3161 nefarium

152 3200 244 3259 times.
288 3200 459 3260 Trebatium
487 3211 627 3272 nostrum,
649 3200 711 3271 etsi,
734 3209 766 3258 ut
788 3199 896 3272 scribis,
921 3200 991 3257 nihil
1020 3201 1098 3259 benc

154 3307 259 3375 sperat,
283 3308 381 3358 tamen
404 3300 501 3357 videre
527 3316 596 3357 sane
619 3297 722 3370 velim;
744 3313 832 3374 quem
853 3295 899 3355 fac
920 3297 1043 3357 horteris
1064 3308 1098 3357 ut

153 3406 288 3474 properet
296 3416 304 3470 ;
325 3407 489 3475 opportune
503 3395 582 3455 enim
595 3394 633 3455 ad
648 3413 695 3454 me
710 3404 777 3454 ante
791 3393 946 3454 adventum
961 3393 1097 3456 Caesaris
