<?xml version="1.0" encoding="UTF-8"?>
<!DOCTYPE html PUBLIC "-//W3C//DTD XHTML 1.0 Transitional//EN"
    "http://www.w3.org/TR/xhtml1/DTD/xhtml1-transitional.dtd">
<html xmlns="http://www.w3.org/1999/xhtml" xml:lang="en" lang="en">
 <head>
  <title>
</title>
<meta http-equiv="Content-Type" content="text/html;charset=utf-8" />
  <meta name='ocr-system' content='tesseract 3.04.00' />
  <meta name='ocr-capabilities' content='ocr_page ocr_carea ocr_par ocr_line ocrx_word'/>
</head>
<body>
  <div class='ocr_page' id='page_1' title='image "./epistolaeselect00cicegoog/epistolaeselect00cicegoog_0176.png"; bbox 0 0 2498 3840; ppageno 0'>
   <div class='ocr_carea' id='block_1_1' title="bbox 149 157 1088 250">
    <p class='ocr_par' dir='ltr' id='par_1_1' title="bbox 149 157 1088 250">
     <span class='ocr_line' id='line_1_1' title="bbox 149 157 1088 250; baseline 0 -25"><span class='ocrx_word' id='word_1_1' title='bbox 149 161 211 225; x_wconf 91' lang='lat'>160</span> <span class='ocrx_word' id='word_1_2' title='bbox 361 173 464 223; x_wconf 78' lang='lat' dir='ltr'>.M.</span> <span class='ocrx_word' id='word_1_3' title='bbox 488 171 608 221; x_wconf 74' lang='lat' dir='ltr'>ronan</span> <span class='ocrx_word' id='word_1_4' title='bbox 628 172 817 221; x_wconf 73' lang='lat' dir='ltr'>cronacum</span> <span class='ocrx_word' id='word_1_5' title='bbox 958 157 1034 250; x_wconf 71' lang='lat' dir='ltr'>[nm</span> <span class='ocrx_word' id='word_1_6' title='bbox 1048 170 1088 224; x_wconf 91' lang='lat' dir='ltr'>m.</span> 
     </span>
    </p>
   </div>
   <div class='ocr_carea' id='block_1_2' title="bbox 147 316 1097 1673">
    <p class='ocr_par' dir='ltr' id='par_1_2' title="bbox 147 316 1097 1673">
     <span class='ocr_line' id='line_1_2' title="bbox 147 316 1090 405; baseline -0.002 -19"><span class='ocrx_word' id='word_1_7' title='bbox 147 329 224 388; x_wconf 88' lang='lat' dir='ltr'>mali.</span> <span class='ocrx_word' id='word_1_8' title='bbox 273 328 362 388; x_wconf 93' lang='lat' dir='ltr'>Nunc</span> <span class='ocrx_word' id='word_1_9' title='bbox 389 337 466 388; x_wconf 85' lang='lat' dir='ltr'>certe</span> <span class='ocrx_word' id='word_1_10' title='bbox 493 328 655 405; x_wconf 90' lang='lat' dir='ltr'>promenda</span> <span class='ocrx_word' id='word_1_11' title='bbox 682 327 734 386; x_wconf 88' lang='lat' dir='ltr'>tibi</span> <span class='ocrx_word' id='word_1_12' title='bbox 762 334 829 386; x_wconf 89' lang='lat' dir='ltr'>sunt</span> <span class='ocrx_word' id='word_1_13' title='bbox 861 316 1003 386; x_wconf 84' lang='lat' dir='ltr'>consilia:</span> <span class='ocrx_word' id='word_1_14' title='bbox 1037 324 1090 385; x_wconf 92' lang='lat' dir='ltr'>hoc</span> 
     </span>
     <span class='ocr_line' id='line_1_3' title="bbox 147 424 1090 500; baseline -0.003 -16"><span class='ocrx_word' id='word_1_15' title='bbox 147 427 239 485; x_wconf 86' lang='lat' dir='ltr'>suerat</span> <span class='ocrx_word' id='word_1_16' title='bbox 252 437 423 485; x_wconf 87' lang='lat' dir='ltr'>extremum.</span> <span class='ocrx_word' id='word_1_17' title='bbox 459 445 485 500; x_wconf 85' lang='lat'>3.</span> <span class='ocrx_word' id='word_1_18' title='bbox 508 425 561 483; x_wconf 94' lang='lat' dir='ltr'>Illa</span> <span class='ocrx_word' id='word_1_19' title='bbox 575 435 674 484; x_wconf 90' lang='lat' dir='ltr'>tamen</span> <span class='ocrx_word' id='word_1_20' title='bbox 688 427 819 482; x_wconf 76' lang='grc' dir='ltr'><strong>κατακλεὶι</strong></span> <span class='ocrx_word' id='word_1_21' title='bbox 832 424 906 483; x_wconf 92' lang='lat' dir='ltr'>illius</span> <span class='ocrx_word' id='word_1_22' title='bbox 922 434 967 483; x_wconf 90' lang='lat' dir='ltr'>est</span> <span class='ocrx_word' id='word_1_23' title='bbox 980 425 1090 493; x_wconf 90' lang='lat' dir='ltr'>odiosa,</span> 
     </span>
     <span class='ocr_line' id='line_1_4' title="bbox 148 523 1091 601; baseline -0.005 -17"><span class='ocrx_word' id='word_1_24' title='bbox 148 544 237 601; x_wconf 89' lang='lat' dir='ltr'>quam</span> <span class='ocrx_word' id='word_1_25' title='bbox 262 543 355 600; x_wconf 90' lang='lat' dir='ltr'>paene</span> <span class='ocrx_word' id='word_1_26' title='bbox 379 523 519 600; x_wconf 89' lang='lat' dir='ltr'>praeterii,</span> <span class='ocrx_word' id='word_1_27' title='bbox 542 525 566 582; x_wconf 89' lang='lat' dir='ltr'>si</span> <span class='ocrx_word' id='word_1_28' title='bbox 590 524 645 581; x_wconf 91' lang='lat' dir='ltr'>sibi</span> <span class='ocrx_word' id='word_1_29' title='bbox 670 523 798 581; x_wconf 90' lang='lat' dir='ltr'>consiliis</span> <span class='ocrx_word' id='word_1_30' title='bbox 826 523 934 582; x_wconf 90' lang='lat' dir='ltr'>nostris</span> <span class='ocrx_word' id='word_1_31' title='bbox 962 523 1006 581; x_wconf 91' lang='lat' dir='ltr'>uti</span> <span class='ocrx_word' id='word_1_32' title='bbox 1034 541 1091 580; x_wconf 91' lang='lat' dir='ltr'>non</span> 
     </span>
     <span class='ocr_line' id='line_1_5' title="bbox 148 620 1092 698; baseline -0.005 -17"><span class='ocrx_word' id='word_1_33' title='bbox 148 623 253 693; x_wconf 90' lang='lat' dir='ltr'>liceret,</span> <span class='ocrx_word' id='word_1_34' title='bbox 268 640 395 693; x_wconf 90' lang='lat' dir='ltr'>usurum,</span> <span class='ocrx_word' id='word_1_35' title='bbox 408 639 532 697; x_wconf 89' lang='lat' dir='ltr'>quorum</span> <span class='ocrx_word' id='word_1_36' title='bbox 547 630 655 697; x_wconf 89' lang='lat' dir='ltr'>posset,</span> <span class='ocrx_word' id='word_1_37' title='bbox 668 620 705 678; x_wconf 92' lang='lat' dir='ltr'>ad</span> <span class='ocrx_word' id='word_1_38' title='bbox 720 621 879 698; x_wconf 86' lang='lat' dir='ltr'><strong>omniaque</strong></span> <span class='ocrx_word' id='word_1_39' title='bbox 893 638 958 679; x_wconf 91' lang='lat' dir='ltr'>esse</span> <span class='ocrx_word' id='word_1_40' title='bbox 973 621 1092 679; x_wconf 91' lang='lat' dir='ltr'>descen-</span> 
     </span>
     <span class='ocr_line' id='line_1_6' title="bbox 148 717 1092 794; baseline -0.003 -15"><span class='ocrx_word' id='word_1_41' title='bbox 148 738 258 780; x_wconf 87' lang='lat' dir='ltr'>surum.</span> <span class='ocrx_word' id='word_1_42' title='bbox 284 719 406 778; x_wconf 87' lang='lat' dir='ltr'>‘Vidisti</span> <span class='ocrx_word' id='word_1_43' title='bbox 426 719 515 794; x_wconf 87' lang='lat' dir='ltr'>igitur</span> <span class='ocrx_word' id='word_1_44' title='bbox 532 720 633 790; x_wconf 90' lang='lat' dir='ltr'>virum,</span> <span class='ocrx_word' id='word_1_45' title='bbox 647 729 679 777; x_wconf 93' lang='lat' dir='ltr'>ut</span> <span class='ocrx_word' id='word_1_46' title='bbox 700 719 876 794; x_wconf 84' lang='lat' dir='ltr'>scripseras?</span> <span class='ocrx_word' id='word_1_47' title='bbox 893 717 1092 794; x_wconf 81' lang='lat' dir='ltr'>ingemuistii’</span> 
     </span>
     <span class='ocr_line' id='line_1_7' title="bbox 150 815 1093 892; baseline -0.003 -15"><span class='ocrx_word' id='word_1_48' title='bbox 150 818 244 877; x_wconf 85' lang='lat' dir='ltr'>Certe.</span> <span class='ocrx_word' id='word_1_49' title='bbox 287 816 388 875; x_wconf 91' lang='lat' dir='ltr'>‘Cedo</span> <span class='ocrx_word' id='word_1_50' title='bbox 415 816 542 892; x_wconf 63' lang='lat' dir='ltr'>reliqua?</span> <span class='ocrx_word' id='word_1_51' title='bbox 584 815 683 887; x_wconf 78' lang='lat' dir='ltr'>Quid?</span> <span class='ocrx_word' id='word_1_52' title='bbox 705 817 845 874; x_wconf 90' lang='lat' dir='ltr'>continuo</span> <span class='ocrx_word' id='word_1_53' title='bbox 866 815 929 891; x_wconf 92' lang='lat' dir='ltr'>ipse</span> <span class='ocrx_word' id='word_1_54' title='bbox 951 816 983 873; x_wconf 95' lang='lat' dir='ltr'>in</span> <span class='ocrx_word' id='word_1_55' title='bbox 1004 815 1093 874; x_wconf 87' lang='lat' dir='ltr'>Peda-</span> 
     </span>
     <span class='ocr_line' id='line_1_8' title="bbox 148 913 1094 989; baseline -0.004 -16"><span class='ocrx_word' id='word_1_56' title='bbox 148 934 228 985; x_wconf 90' lang='lat' dir='ltr'>num,</span> <span class='ocrx_word' id='word_1_57' title='bbox 250 931 307 989; x_wconf 86' lang='lat' dir='ltr'>ego</span> <span class='ocrx_word' id='word_1_58' title='bbox 332 913 493 989; x_wconf 90' lang='lat' dir='ltr'>Arpinum;</span> <span class='ocrx_word' id='word_1_59' title='bbox 520 913 588 971; x_wconf 87' lang='lat' dir='ltr'>inde</span> <span class='ocrx_word' id='word_1_60' title='bbox 610 924 750 989; x_wconf 86' lang='lat' dir='ltr'>exspecto</span> <span class='ocrx_word' id='word_1_61' title='bbox 771 913 907 989; x_wconf 86' lang='lat' dir='ltr'>equidem</span> <span class='ocrx_word' id='word_1_62' title='bbox 928 918 1094 988; x_wconf 77' lang='grc' dir='ltr'><strong>λαλαγεῦσαν</strong></span> 
     </span>
     <span class='ocr_line' id='line_1_9' title="bbox 149 996 1094 1088; baseline -0.001 -18"><span class='ocrx_word' id='word_1_63' title='bbox 149 1013 227 1070; x_wconf 92' lang='lat' dir='ltr'>illam</span> <span class='ocrx_word' id='word_1_64' title='bbox 240 1022 329 1070; x_wconf 89' lang='lat' dir='ltr'>tuam.</span> <span class='ocrx_word' id='word_1_65' title='bbox 357 1010 428 1080; x_wconf 72' lang='grc' dir='ltr'>ιΤιι,</span> <span class='ocrx_word' id='word_1_66' title='bbox 438 1007 565 1080; x_wconf 89' lang='lat' dir='ltr'>malum,&#39;</span> <span class='ocrx_word' id='word_1_67' title='bbox 577 1011 690 1087; x_wconf 90' lang='lat' dir='ltr'>inquies</span> <span class='ocrx_word' id='word_1_68' title='bbox 700 1015 708 1042; x_wconf 91' lang='lat'>‘</span> <span class='ocrx_word' id='word_1_69' title='bbox 717 1020 815 1069; x_wconf 90' lang='lat' dir='ltr'>actum</span> <span class='ocrx_word' id='word_1_70' title='bbox 825 996 868 1069; x_wconf 65' lang='lat' dir='ltr'>¹ne</span> <span class='ocrx_word' id='word_1_71' title='bbox 883 1011 975 1087; x_wconf 81' lang='lat' dir='ltr'>agas&#39;</span> <span class='ocrx_word' id='word_1_72' title='bbox 986 1010 1094 1088; x_wconf 25' lang='lat' dir='ltr'>,Etiam</span> 
     </span>
     <span class='ocr_line' id='line_1_10' title="bbox 149 1107 1095 1185; baseline -0.001 -17"><span class='ocrx_word' id='word_1_73' title='bbox 149 1111 230 1168; x_wconf 91' lang='lat' dir='ltr'>illum</span> <span class='ocrx_word' id='word_1_74' title='bbox 251 1111 356 1185; x_wconf 90' lang='lat' dir='ltr'>ipsum,</span> <span class='ocrx_word' id='word_1_75' title='bbox 371 1126 459 1184; x_wconf 91' lang='lat' dir='ltr'>quem</span> <span class='ocrx_word' id='word_1_76' title='bbox 482 1109 637 1183; x_wconf 88' lang='lat' dir='ltr'>sequimur,</span> <span class='ocrx_word' id='word_1_77' title='bbox 657 1107 749 1166; x_wconf 89' lang='lat' dir='ltr'>multa</span> <span class='ocrx_word' id='word_1_78' title='bbox 769 1107 941 1168; x_wconf 83' lang='lat' dir='ltr'>fefellerunt.</span> <span class='ocrx_word' id='word_1_79' title='bbox 984 1127 1015 1181; x_wconf 88' lang='lat'>4.</span> <span class='ocrx_word' id='word_1_80' title='bbox 1039 1107 1095 1167; x_wconf 90' lang='lat' dir='ltr'>Sed</span> 
     </span>
     <span class='ocr_line' id='line_1_11' title="bbox 151 1205 1095 1282; baseline -0.001 -16"><span class='ocrx_word' id='word_1_81' title='bbox 151 1224 208 1282; x_wconf 85' lang='lat' dir='ltr'>ego</span> <span class='ocrx_word' id='word_1_82' title='bbox 233 1216 298 1264; x_wconf 89' lang='lat' dir='ltr'>tuas</span> <span class='ocrx_word' id='word_1_83' title='bbox 321 1206 428 1263; x_wconf 87' lang='lat' dir='ltr'>litteras</span> <span class='ocrx_word' id='word_1_84' title='bbox 453 1216 611 1281; x_wconf 79' lang='lat' dir='ltr'>exspect03</span> <span class='ocrx_word' id='word_1_85' title='bbox 635 1205 705 1263; x_wconf 92' lang='lat' dir='ltr'>nihil</span> <span class='ocrx_word' id='word_1_86' title='bbox 730 1215 774 1264; x_wconf 91' lang='lat' dir='ltr'>est</span> <span class='ocrx_word' id='word_1_87' title='bbox 799 1207 878 1264; x_wconf 91' lang='lat' dir='ltr'>enim</span> <span class='ocrx_word' id='word_1_88' title='bbox 902 1207 970 1277; x_wconf 90' lang='lat' dir='ltr'>iarn,</span> <span class='ocrx_word' id='word_1_89' title='bbox 992 1216 1025 1264; x_wconf 95' lang='lat' dir='ltr'>ut</span> <span class='ocrx_word' id='word_1_90' title='bbox 1045 1225 1095 1265; x_wconf 90' lang='lat' dir='ltr'>an·</span> 
     </span>
     <span class='ocr_line' id='line_1_12' title="bbox 151 1302 1096 1379; baseline 0 -16"><span class='ocrx_word' id='word_1_91' title='bbox 151 1313 206 1374; x_wconf 88' lang='lat' dir='ltr'>tea,</span> <span class='ocrx_word' id='word_1_92' title='bbox 222 1304 398 1374; x_wconf 89' lang='lat' dir='ltr'>‘videamus,</span> <span class='ocrx_word' id='word_1_93' title='bbox 419 1303 476 1362; x_wconf 92' lang='lat' dir='ltr'>hoc</span> <span class='ocrx_word' id='word_1_94' title='bbox 499 1322 638 1379; x_wconf 89' lang='lat' dir='ltr'>quorsum</span> <span class='ocrx_word' id='word_1_95' title='bbox 660 1304 792 1362; x_wconf 88' lang='lat' dir='ltr'>evadat:’</span> <span class='ocrx_word' id='word_1_96' title='bbox 808 1305 971 1362; x_wconf 85' lang='lat' dir='ltr'>extremum</span> <span class='ocrx_word' id='word_1_97' title='bbox 985 1302 1041 1362; x_wconf 82' lang='lat' dir='ltr'>suit</span> <span class='ocrx_word' id='word_1_98' title='bbox 1060 1304 1096 1363; x_wconf 90' lang='lat' dir='ltr'>de</span> 
     </span>
     <span class='ocr_line' id='line_1_13' title="bbox 151 1386 1097 1478; baseline -0.002 -17"><span class='ocrx_word' id='word_1_99' title='bbox 151 1419 311 1477; x_wconf 86' lang='lat' dir='ltr'>congressu</span> <span class='ocrx_word' id='word_1_100' title='bbox 339 1409 448 1469; x_wconf 89' lang='lat' dir='ltr'>nostr0,</span> <span class='ocrx_word' id='word_1_101' title='bbox 472 1419 532 1476; x_wconf 94' lang='lat' dir='ltr'>quo</span> <span class='ocrx_word' id='word_1_102' title='bbox 560 1401 677 1477; x_wconf 89' lang='lat' dir='ltr'>quidem</span> <span class='ocrx_word' id='word_1_103' title='bbox 705 1419 767 1459; x_wconf 92' lang='lat' dir='ltr'>non</span> <span class='ocrx_word' id='word_1_104' title='bbox 791 1386 901 1460; x_wconf 31' lang='lat' dir='ltr'>dubito*</span> <span class='ocrx_word' id='word_1_105' title='bbox 914 1401 986 1478; x_wconf 90' lang='lat' dir='ltr'>quin</span> <span class='ocrx_word' id='word_1_106' title='bbox 1010 1402 1097 1461; x_wconf 90' lang='lat' dir='ltr'>istum</span> 
     </span>
     <span class='ocr_line' id='line_1_14' title="bbox 150 1498 1096 1576; baseline 0 -18"><span class='ocrx_word' id='word_1_107' title='bbox 150 1499 323 1559; x_wconf 85' lang='lat' dir='ltr'>offenderim</span> <span class='ocrx_word' id='word_1_108' title='bbox 332 1517 340 1570; x_wconf 90' lang='lat'>;</span> <span class='ocrx_word' id='word_1_109' title='bbox 362 1515 399 1555; x_wconf 92' lang='lat' dir='ltr'>eo</span> <span class='ocrx_word' id='word_1_110' title='bbox 416 1499 556 1556; x_wconf 89' lang='lat' dir='ltr'>maturius</span> <span class='ocrx_word' id='word_1_111' title='bbox 570 1498 717 1573; x_wconf 86' lang='lat' dir='ltr'>agendum</span> <span class='ocrx_word' id='word_1_112' title='bbox 737 1508 789 1557; x_wconf 77' lang='lat' dir='ltr'>est</span> <span class='ocrx_word' id='word_1_113' title='bbox 832 1499 949 1556; x_wconf 81' lang='lat' dir='ltr'>Amabo</span> <span class='ocrx_word' id='word_1_114' title='bbox 968 1509 1006 1570; x_wconf 91' lang='lat' dir='ltr'>te,</span> <span class='ocrx_word' id='word_1_115' title='bbox 1022 1500 1096 1576; x_wconf 88' lang='lat' dir='ltr'>epis-</span> 
     </span>
     <span class='ocr_line' id='line_1_15' title="bbox 152 1596 1003 1673; baseline 0 -17"><span class='ocrx_word' id='word_1_116' title='bbox 152 1597 241 1656; x_wconf 91' lang='lat' dir='ltr'>tolam</span> <span class='ocrx_word' id='word_1_117' title='bbox 255 1607 283 1654; x_wconf 90' lang='lat' dir='ltr'>et</span> <span class='ocrx_word' id='word_1_118' title='bbox 297 1596 443 1666; x_wconf 72' lang='lat' dir='ltr'>rolannij</span> <span class='ocrx_word' id='word_1_119' title='bbox 466 1596 548 1654; x_wconf 90' lang='lat' dir='ltr'>valde</span> <span class='ocrx_word' id='word_1_120' title='bbox 563 1606 627 1654; x_wconf 90' lang='lat' dir='ltr'>tuas</span> <span class='ocrx_word' id='word_1_121' title='bbox 641 1596 748 1654; x_wconf 86' lang='lat' dir='ltr'>litteras</span> <span class='ocrx_word' id='word_1_122' title='bbox 763 1615 840 1655; x_wconf 91' lang='lat' dir='ltr'>nunc</span> <span class='ocrx_word' id='word_1_123' title='bbox 854 1606 1003 1673; x_wconf 83' lang='lat' dir='ltr'>exspecto.</span> 
     </span>
    </p>
   </div>
   <div class='ocr_carea' id='block_1_3' title="bbox 393 1751 859 1812">
    <p class='ocr_par' dir='ltr' id='par_1_3' title="bbox 393 1751 859 1812">
     <span class='ocr_line' id='line_1_16' title="bbox 393 1751 859 1812; baseline 0.002 -2"><span class='ocrx_word' id='word_1_124' title='bbox 393 1755 441 1812; x_wconf 87' lang='lat'>68.</span> <span class='ocrx_word' id='word_1_125' title='bbox 481 1752 538 1809; x_wconf 86' lang='lat' dir='ltr'>AD</span> <span class='ocrx_word' id='word_1_126' title='bbox 558 1751 754 1812; x_wconf 87' lang='lat' dir='ltr'><strong>ATTICUM</strong></span> <span class='ocrx_word' id='word_1_127' title='bbox 775 1753 812 1810; x_wconf 90' lang='lat' dir='ltr'>X.</span> <span class='ocrx_word' id='word_1_128' title='bbox 833 1771 859 1812; x_wconf 86' lang='lat'>1.</span> 
     </span>
    </p>
   </div>
   <div class='ocr_carea' id='block_1_4' title="bbox 258 1865 979 2039">
    <p class='ocr_par' dir='ltr' id='par_1_4' title="bbox 258 1865 979 2039">
     <span class='ocr_line' id='line_1_17' title="bbox 258 1865 979 1937; baseline 0.003 -12"><span class='ocrx_word' id='word_1_129' title='bbox 258 1865 326 1927; x_wconf 81' lang='lat' dir='ltr'>Scn.</span> <span class='ocrx_word' id='word_1_130' title='bbox 348 1885 378 1925; x_wconf 85' lang='lat' dir='ltr'>m</span> <span class='ocrx_word' id='word_1_131' title='bbox 393 1866 538 1926; x_wconf 76' lang='lat' dir='ltr'>Laranro</span> <span class='ocrx_word' id='word_1_132' title='bbox 563 1865 676 1937; x_wconf 85' lang='lat' dir='ltr'>Qnmrr</span> <span class='ocrx_word' id='word_1_133' title='bbox 700 1885 824 1926; x_wconf 75' lang='lat' dir='ltr'>ruamus</span> <span class='ocrx_word' id='word_1_134' title='bbox 849 1885 913 1926; x_wconf 71' lang='lat' dir='ltr'>an.</span> <span class='ocrx_word' id='word_1_135' title='bbox 936 1885 979 1927; x_wconf 82' lang='lat' dir='ltr'>rm</span> 
     </span>
     <span class='ocr_line' id='line_1_18' title="bbox 404 1963 841 2039; baseline -0.005 -16"><span class='ocrx_word' id='word_1_136' title='bbox 404 1963 508 2023; x_wconf 77' lang='lat' dir='ltr'>Nonas</span> <span class='ocrx_word' id='word_1_137' title='bbox 525 1965 652 2023; x_wconf 75' lang='lat' dir='ltr'>Aemnns</span> <span class='ocrx_word' id='word_1_138' title='bbox 673 1982 756 2024; x_wconf 74' lang='lat' dir='ltr'>auc.</span> <span class='ocrx_word' id='word_1_139' title='bbox 774 1979 841 2039; x_wconf 81' lang='lat'><strong>705.</strong></span> 
     </span>
    </p>
   </div>
   <div class='ocr_carea' id='block_1_5' title="bbox 474 2088 776 2130">
    <p class='ocr_par' dir='ltr' id='par_1_5' title="bbox 474 2088 776 2130">
     <span class='ocr_line' id='line_1_19' title="bbox 474 2088 776 2130; baseline -0.007 -1"><span class='ocrx_word' id='word_1_140' title='bbox 474 2088 577 2130; x_wconf 85' lang='lat' dir='ltr'>CICERO</span> <span class='ocrx_word' id='word_1_141' title='bbox 591 2088 697 2129; x_wconf 85' lang='lat' dir='ltr'><strong>ATTICO</strong></span> <span class='ocrx_word' id='word_1_142' title='bbox 716 2088 776 2129; x_wconf 85' lang='lat' dir='ltr'>SAL.</span> 
     </span>
    </p>
   </div>
   <div class='ocr_carea' id='block_1_6' title="bbox 154 2183 1101 2948">
    <p class='ocr_par' dir='ltr' id='par_1_6' title="bbox 154 2183 1101 2948">
     <span class='ocr_line' id='line_1_20' title="bbox 199 2183 1099 2265; baseline 0.004 -23"><span class='ocrx_word' id='word_1_143' title='bbox 199 2203 221 2242; x_wconf 88' lang='lat'>1.</span> <span class='ocrx_word' id='word_1_144' title='bbox 244 2203 285 2243; x_wconf 88' lang='lat' dir='ltr'>m.</span> <span class='ocrx_word' id='word_1_145' title='bbox 300 2184 403 2244; x_wconf 78' lang='lat' dir='ltr'>Nonas</span> <span class='ocrx_word' id='word_1_146' title='bbox 418 2203 485 2243; x_wconf 90' lang='lat' dir='ltr'>cum</span> <span class='ocrx_word' id='word_1_147' title='bbox 500 2183 530 2241; x_wconf 94' lang='lat' dir='ltr'>in</span> <span class='ocrx_word' id='word_1_148' title='bbox 550 2184 698 2242; x_wconf 85' lang='lat' dir='ltr'>Laterium</span> <span class='ocrx_word' id='word_1_149' title='bbox 717 2183 811 2242; x_wconf 79' lang='lat' dir='ltr'>fratris</span> <span class='ocrx_word' id='word_1_150' title='bbox 830 2185 982 2258; x_wconf 89' lang='lat' dir='ltr'>venissem,</span> <span class='ocrx_word' id='word_1_151' title='bbox 998 2189 1099 2265; x_wconf 89' lang='lat' dir='ltr'>accepi</span> 
     </span>
     <span class='ocr_line' id='line_1_21' title="bbox 154 2282 1099 2359; baseline 0.003 -17"><span class='ocrx_word' id='word_1_152' title='bbox 154 2285 262 2342; x_wconf 86' lang='lat' dir='ltr'>litteras</span> <span class='ocrx_word' id='word_1_153' title='bbox 283 2294 312 2342; x_wconf 91' lang='lat' dir='ltr'>et</span> <span class='ocrx_word' id='word_1_154' title='bbox 332 2283 452 2359; x_wconf 90' lang='lat' dir='ltr'>paulum</span> <span class='ocrx_word' id='word_1_155' title='bbox 474 2283 618 2358; x_wconf 86' lang='lat' dir='ltr'>respiravi,</span> <span class='ocrx_word' id='word_1_156' title='bbox 637 2283 717 2359; x_wconf 90' lang='lat' dir='ltr'>quod</span> <span class='ocrx_word' id='word_1_157' title='bbox 743 2293 810 2359; x_wconf 91' lang='lat' dir='ltr'>post</span> <span class='ocrx_word' id='word_1_158' title='bbox 834 2282 887 2341; x_wconf 92' lang='lat' dir='ltr'>has</span> <span class='ocrx_word' id='word_1_159' title='bbox 907 2285 1007 2345; x_wconf 87' lang='lat' dir='ltr'>ruinas</span> <span class='ocrx_word' id='word_1_160' title='bbox 1028 2287 1099 2344; x_wconf 90' lang='lat' dir='ltr'>mihi</span> 
     </span>
     <span class='ocr_line' id='line_1_22' title="bbox 155 2381 1099 2456; baseline 0.006 -18"><span class='ocrx_word' id='word_1_161' title='bbox 155 2400 216 2439; x_wconf 94' lang='lat' dir='ltr'>non</span> <span class='ocrx_word' id='word_1_162' title='bbox 231 2381 393 2439; x_wconf 89' lang='lat' dir='ltr'>acciderat:</span> <span class='ocrx_word' id='word_1_163' title='bbox 414 2399 468 2456; x_wconf 93' lang='lat' dir='ltr'>per</span> <span class='ocrx_word' id='word_1_164' title='bbox 481 2381 561 2439; x_wconf 88' lang='lat' dir='ltr'>enirn</span> <span class='ocrx_word' id='word_1_165' title='bbox 575 2381 675 2455; x_wconf 87' lang='lat' dir='ltr'>magni</span> <span class='ocrx_word' id='word_1_166' title='bbox 690 2382 811 2438; x_wconf 85' lang='lat' dir='ltr'>aestimo</span> <span class='ocrx_word' id='word_1_167' title='bbox 826 2382 878 2439; x_wconf 91' lang='lat' dir='ltr'>tibi</span> <span class='ocrx_word' id='word_1_168' title='bbox 892 2382 1099 2443; x_wconf 89' lang='lat' dir='ltr'>firmitudinem</span> 
     </span>
     <span class='ocr_line' id='line_1_23' title="bbox 156 2473 1100 2554; baseline 0.001 -16"><span class='ocrx_word' id='word_1_169' title='bbox 156 2479 244 2538; x_wconf 90' lang='lat' dir='ltr'>animi</span> <span class='ocrx_word' id='word_1_170' title='bbox 272 2479 363 2536; x_wconf 90' lang='lat' dir='ltr'>nostri</span> <span class='ocrx_word' id='word_1_171' title='bbox 390 2488 419 2536; x_wconf 93' lang='lat' dir='ltr'>et</span> <span class='ocrx_word' id='word_1_172' title='bbox 446 2479 556 2537; x_wconf 90' lang='lat' dir='ltr'>factum</span> <span class='ocrx_word' id='word_1_173' title='bbox 584 2489 716 2536; x_wconf 86' lang='lat' dir='ltr'>nostrum</span> <span class='ocrx_word' id='word_1_174' title='bbox 744 2473 888 2554; x_wconf 63' lang='lat' dir='ltr'>probari,</span> <span class='ocrx_word' id='word_1_175' title='bbox 906 2479 996 2539; x_wconf 89' lang='lat' dir='ltr'>Sexto</span> <span class='ocrx_word' id='word_1_176' title='bbox 1022 2483 1100 2539; x_wconf 91' lang='lat' dir='ltr'>enim</span> 
     </span>
     <span class='ocr_line' id='line_1_24' title="bbox 156 2576 1100 2655; baseline 0.003 -20"><span class='ocrx_word' id='word_1_177' title='bbox 156 2587 257 2635; x_wconf 92' lang='lat' dir='ltr'>nostro</span> <span class='ocrx_word' id='word_1_178' title='bbox 272 2576 352 2653; x_wconf 93' lang='lat' dir='ltr'>quod</span> <span class='ocrx_word' id='word_1_179' title='bbox 367 2577 466 2635; x_wconf 90' lang='lat' dir='ltr'>scribis</span> <span class='ocrx_word' id='word_1_180' title='bbox 481 2576 605 2652; x_wconf 86' lang='lat' dir='ltr'>probari,</span> <span class='ocrx_word' id='word_1_181' title='bbox 620 2577 659 2635; x_wconf 91' lang='lat' dir='ltr'>ita</span> <span class='ocrx_word' id='word_1_182' title='bbox 677 2576 775 2646; x_wconf 91' lang='lat' dir='ltr'>laetor,</span> <span class='ocrx_word' id='word_1_183' title='bbox 790 2585 822 2634; x_wconf 92' lang='lat' dir='ltr'>ut</span> <span class='ocrx_word' id='word_1_184' title='bbox 840 2595 888 2634; x_wconf 90' lang='lat' dir='ltr'>me</span> <span class='ocrx_word' id='word_1_185' title='bbox 907 2579 991 2654; x_wconf 86' lang='lat' dir='ltr'>quasi</span> <span class='ocrx_word' id='word_1_186' title='bbox 1012 2580 1100 2655; x_wconf 82' lang='lat' dir='ltr'>patris</span> 
     </span>
     <span class='ocr_line' id='line_1_25' title="bbox 156 2674 1101 2751; baseline 0.002 -18"><span class='ocrx_word' id='word_1_187' title='bbox 156 2677 226 2742; x_wconf 91' lang='lat' dir='ltr'>eius,</span> <span class='ocrx_word' id='word_1_188' title='bbox 242 2675 287 2732; x_wconf 92' lang='lat' dir='ltr'>cui</span> <span class='ocrx_word' id='word_1_189' title='bbox 303 2692 417 2748; x_wconf 90' lang='lat' dir='ltr'>semper</span> <span class='ocrx_word' id='word_1_190' title='bbox 433 2674 483 2731; x_wconf 93' lang='lat' dir='ltr'>uni</span> <span class='ocrx_word' id='word_1_191' title='bbox 502 2674 659 2749; x_wconf 89' lang='lat' dir='ltr'>plurimum</span> <span class='ocrx_word' id='word_1_192' title='bbox 680 2674 773 2744; x_wconf 87' lang='lat' dir='ltr'>tribui,</span> <span class='ocrx_word' id='word_1_193' title='bbox 788 2675 895 2732; x_wconf 91' lang='lat' dir='ltr'>iudicio</span> <span class='ocrx_word' id='word_1_194' title='bbox 915 2678 1101 2751; x_wconf 88' lang='lat' dir='ltr'>comprobari</span> 
     </span>
     <span class='ocr_line' id='line_1_26' title="bbox 157 2771 1100 2850; baseline 0.003 -21"><span class='ocrx_word' id='word_1_195' title='bbox 157 2783 265 2850; x_wconf 90' lang='lat' dir='ltr'>putem,</span> <span class='ocrx_word' id='word_1_196' title='bbox 281 2772 330 2846; x_wconf 94' lang='lat' dir='ltr'>qui</span> <span class='ocrx_word' id='word_1_197' title='bbox 349 2771 428 2840; x_wconf 89' lang='lat' dir='ltr'>mihi,</span> <span class='ocrx_word' id='word_1_198' title='bbox 444 2772 524 2847; x_wconf 92' lang='lat' dir='ltr'>quod</span> <span class='ocrx_word' id='word_1_199' title='bbox 543 2789 629 2847; x_wconf 89' lang='lat' dir='ltr'>saepe</span> <span class='ocrx_word' id='word_1_200' title='bbox 650 2771 731 2829; x_wconf 91' lang='lat' dir='ltr'>soleo</span> <span class='ocrx_word' id='word_1_201' title='bbox 753 2771 908 2843; x_wconf 89' lang='lat' dir='ltr'>recordari,</span> <span class='ocrx_word' id='word_1_202' title='bbox 928 2771 1001 2830; x_wconf 84' lang='lat' dir='ltr'>dixit</span> <span class='ocrx_word' id='word_1_203' title='bbox 1021 2775 1100 2845; x_wconf 91' lang='lat' dir='ltr'>olim,</span> 
     </span>
     <span class='ocr_line' id='line_1_27' title="bbox 157 2867 1100 2948; baseline 0.002 -20"><span class='ocrx_word' id='word_1_204' title='bbox 157 2870 251 2928; x_wconf 85' lang='lat' dir='ltr'>Nonis</span> <span class='ocrx_word' id='word_1_205' title='bbox 266 2869 319 2927; x_wconf 91' lang='lat' dir='ltr'>illis</span> <span class='ocrx_word' id='word_1_206' title='bbox 333 2869 553 2940; x_wconf 89' lang='lat' dir='ltr'>Decembribus,</span> <span class='ocrx_word' id='word_1_207' title='bbox 565 2887 631 2928; x_wconf 93' lang='lat' dir='ltr'>cum</span> <span class='ocrx_word' id='word_1_208' title='bbox 647 2886 704 2944; x_wconf 88' lang='lat' dir='ltr'>ego</span> <span class='ocrx_word' id='word_1_209' title='bbox 716 2875 721 2898; x_wconf 84' lang='lat'><em>¹</em></span> <span class='ocrx_word' id='word_1_210' title='bbox 733 2867 828 2939; x_wconf 84' lang='lat' dir='ltr'>Sexte,</span> <span class='ocrx_word' id='word_1_211' title='bbox 844 2869 984 2946; x_wconf 86' lang='lat' dir='ltr'>quidnam</span> <span class='ocrx_word' id='word_1_212' title='bbox 998 2890 1069 2948; x_wconf 86' lang='lat' dir='ltr'>ergo</span> <span class='ocrx_word' id='word_1_213' title='bbox 1078 2873 1100 2930; x_wconf 80' lang='lat' dir='ltr'>i&#39;</span> 
     </span>
    </p>
   </div>
   <div class='ocr_carea' id='block_1_7' title="bbox 200 3002 1075 3180">
    <p class='ocr_par' dir='ltr' id='par_1_7' title="bbox 200 3002 1075 3180">
     <span class='ocr_line' id='line_1_28' title="bbox 200 3002 1075 3090; baseline 0.005 -27"><span class='ocrx_word' id='word_1_214' title='bbox 200 3010 250 3080; x_wconf 65' lang='lat' dir='ltr'>‘pir</span> <span class='ocrx_word' id='word_1_215' title='bbox 270 3012 328 3080; x_wconf 83' lang='grc' dir='ltr'>μάν,</span> <span class='ocrx_word' id='word_1_216' title='bbox 343 3007 435 3083; x_wconf 82' lang='lat' dir='ltr'>lnquit</span> <span class='ocrx_word' id='word_1_217' title='bbox 456 3006 510 3077; x_wconf 86' lang='lat' dir='ltr'>ille,</span> <span class='ocrx_word' id='word_1_218' title='bbox 524 3008 637 3064; x_wconf 81' lang='grc' dir='ltr'>ἀσπουδί</span> <span class='ocrx_word' id='word_1_219' title='bbox 655 3031 686 3080; x_wconf 81' lang='grc' dir='ltr'>γε</span> <span class='ocrx_word' id='word_1_220' title='bbox 707 3010 746 3063; x_wconf 80' lang='grc' dir='ltr'>καὶ</span> <span class='ocrx_word' id='word_1_221' title='bbox 766 3009 873 3066; x_wconf 73' lang='grc' dir='ltr'><strong>ἀκλειῶς</strong></span> <span class='ocrx_word' id='word_1_222' title='bbox 894 3002 1075 3090; x_wconf 73' lang='grc' dir='ltr'>[ἀπολοίμην],</span> 
     </span>
     <span class='ocr_line' id='line_1_29' title="bbox 232 3103 938 3180; baseline 0.001 -20"><span class='ocrx_word' id='word_1_223' title='bbox 232 3109 300 3161; x_wconf 80' lang='grc' dir='ltr'>ἀλλὰ</span> <span class='ocrx_word' id='word_1_224' title='bbox 320 3108 386 3180; x_wconf 76' lang='grc' dir='ltr'>μέγα</span> <span class='ocrx_word' id='word_1_225' title='bbox 405 3107 482 3179; x_wconf 75' lang='grc' dir='ltr'>ῥέξας</span> <span class='ocrx_word' id='word_1_226' title='bbox 501 3129 527 3162; x_wconf 87' lang='grc' dir='ltr'><strong>τι</strong></span> <span class='ocrx_word' id='word_1_227' title='bbox 546 3108 587 3161; x_wconf 80' lang='grc' dir='ltr'>καὶ</span> <span class='ocrx_word' id='word_1_228' title='bbox 608 3108 773 3177; x_wconf 79' lang='grc' dir='ltr'><strong>ἐσσομένοισι</strong></span> <span class='ocrx_word' id='word_1_229' title='bbox 793 3103 938 3167; x_wconf 51' lang='lat' dir='ltr'>eadwulf</span> 
     </span>
    </p>
   </div>
   <div class='ocr_carea' id='block_1_8' title="bbox 159 3243 1102 3422">
    <p class='ocr_par' dir='ltr' id='par_1_8' title="bbox 159 3243 1102 3422">
     <span class='ocr_line' id='line_1_30' title="bbox 159 3243 1102 3318; baseline 0.005 -17"><span class='ocrx_word' id='word_1_230' title='bbox 159 3244 220 3301; x_wconf 93' lang='lat' dir='ltr'>eius</span> <span class='ocrx_word' id='word_1_231' title='bbox 240 3244 326 3318; x_wconf 85' lang='lat' dir='ltr'>igitur</span> <span class='ocrx_word' id='word_1_232' title='bbox 346 3243 417 3302; x_wconf 90' lang='lat' dir='ltr'>mihi</span> <span class='ocrx_word' id='word_1_233' title='bbox 437 3244 504 3302; x_wconf 92' lang='lat' dir='ltr'>vivit</span> <span class='ocrx_word' id='word_1_234' title='bbox 525 3244 687 3314; x_wconf 86' lang='lat' dir='ltr'>auctoritas,</span> <span class='ocrx_word' id='word_1_235' title='bbox 707 3255 736 3302; x_wconf 91' lang='lat' dir='ltr'>et</span> <span class='ocrx_word' id='word_1_236' title='bbox 757 3244 918 3304; x_wconf 86' lang='lat' dir='ltr'>simillimus</span> <span class='ocrx_word' id='word_1_237' title='bbox 943 3247 1005 3304; x_wconf 92' lang='lat' dir='ltr'>eius</span> <span class='ocrx_word' id='word_1_238' title='bbox 1028 3247 1102 3306; x_wconf 89' lang='lat' dir='ltr'>filius</span> 
     </span>
     <span class='ocr_line' id='line_1_31' title="bbox 160 3340 1102 3422; baseline 0.004 -24"><span class='ocrx_word' id='word_1_239' title='bbox 160 3340 264 3399; x_wconf 91' lang='lat' dir='ltr'>eodem</span> <span class='ocrx_word' id='word_1_240' title='bbox 279 3350 322 3400; x_wconf 88' lang='lat' dir='ltr'>est</span> <span class='ocrx_word' id='word_1_241' title='bbox 336 3342 415 3417; x_wconf 89' lang='lat' dir='ltr'>apud</span> <span class='ocrx_word' id='word_1_242' title='bbox 429 3360 476 3401; x_wconf 89' lang='lat' dir='ltr'>me</span> <span class='ocrx_word' id='word_1_243' title='bbox 496 3342 633 3419; x_wconf 88' lang='lat' dir='ltr'>pondere,</span> <span class='ocrx_word' id='word_1_244' title='bbox 651 3359 710 3420; x_wconf 89' lang='lat' dir='ltr'>quo</span> <span class='ocrx_word' id='word_1_245' title='bbox 730 3342 782 3401; x_wconf 85' lang='lat' dir='ltr'>luit</span> <span class='ocrx_word' id='word_1_246' title='bbox 801 3342 864 3416; x_wconf 89' lang='lat' dir='ltr'>ille;</span> <span class='ocrx_word' id='word_1_247' title='bbox 886 3360 975 3422; x_wconf 90' lang='lat' dir='ltr'>quem</span> <span class='ocrx_word' id='word_1_248' title='bbox 994 3345 1102 3403; x_wconf 87' lang='lat' dir='ltr'>salvere</span> 
     </span>
    </p>
   </div>
   <div class='ocr_carea' id='block_1_9' title="bbox 0 0 1270 3840">
    <p class='ocr_par' dir='ltr' id='par_1_9' title="bbox 0 0 1270 3840">
     <span class='ocr_line' id='line_1_32' title="bbox 0 0 1270 3840; baseline 0 0"><span class='ocrx_word' id='word_1_249' title='bbox 0 0 1270 3840; x_wconf 95' lang='lat' dir='ltr'> </span> 
     </span>
    </p>
   </div>
  </div>
 </body>
</html>
