2392 3848
121 220 170 283 up.
189 206 245 294 m]
320 220 434 269 uersu.
455 221 505 269 Ab
527 220 692 271 arrrouu
710 223 765 270 ιη.
791 225 839 291 15.
1023 222 1066 288 45

121 376 230 449 acribo,
244 395 304 455 quo
318 386 347 435 te
364 395 423 435 non
437 395 506 437 meo
525 395 594 437 casu
614 378 743 436 maximo
765 377 865 436 dolore
886 395 950 436 esse
970 377 1066 434 adlec-

121 484 187 534 tum
200 476 300 546 sciam,
315 476 367 534 sed
382 475 522 551 profecto,
538 476 570 548 si,
585 485 725 551 quantum
744 494 791 534 me
813 494 893 534 amas
915 484 943 534 et
956 477 1066 543 amasti,

121 582 238 634 tautum
265 592 363 633 amare
390 574 512 632 deberes
539 592 574 632 ac
604 574 764 644 debuisses
793 592 954 650 numquam
987 591 1066 631 esses

121 690 230 749 passus
247 690 304 744 me,
319 689 379 750 quo
400 680 432 729 tu
452 672 631 742 abundabas,
653 690 738 747 egere
760 672 890 744 consilio,
912 689 1066 730 necesses

120 788 228 847 passus
241 771 311 829 mihi
327 770 494 846 persuaderi
508 771 575 828 utile
589 770 675 829 nobis
689 788 753 829 esse
771 770 867 844 legem
888 769 925 827 de
939 769 1066 843 collegiis

121 868 248 946 perferri
292 868 351 927 Sed
366 878 397 926 tu
410 877 523 926 tantum
544 868 676 926 lacrimas
697 869 855 944 praebuisti
877 867 968 926 dolori
990 884 1067 935 meo,

121 966 205 1043 quod
225 975 285 1025 erat
305 965 422 1046 amoris,
437 976 587 1040 tamquam
607 966 669 1040 ipse
683 983 740 1040 ego
749 985 757 1037 ;
779 965 859 1042 quod
873 965 981 1023 meritis
995 965 1067 1021 meis

121 1063 284 1141 perfectum
298 1064 434 1138 oportuit,
446 1071 477 1119 ut
492 1063 554 1121 dies
569 1071 597 1120 et
611 1072 720 1132 noctes,
732 1063 802 1139 quid
817 1063 887 1119 mihi
902 1061 1067 1120 laciendum

121 1170 209 1234 esset,
223 1161 376 1236 cogitares,
391 1160 421 1222 id
438 1161 491 1218 abs
512 1170 541 1218 te
561 1178 638 1230 me0,
659 1178 722 1218 non
742 1170 792 1218 tuo
815 1160 921 1219 scelere
942 1169 1067 1235 praeter-

122 1260 248 1319 missum
262 1268 314 1317 est.
348 1252 439 1330 Quod
453 1258 477 1316 si
492 1275 554 1316 non
568 1258 659 1316 modo
675 1267 714 1327 tu,
726 1259 777 1316 sed
792 1258 945 1333 quisquam
960 1257 1067 1324 fuisset,

122 1358 175 1434 qui
188 1373 237 1415 me
247 1356 379 1431 Pompeii
393 1355 490 1414 minus
504 1355 613 1413 liberali
626 1373 770 1431 responso
785 1357 966 1431 perterritum
979 1374 997 1413 a
1010 1363 1068 1412 tur-

122 1456 247 1533 pissimo
266 1453 386 1514 consilio
405 1462 562 1523 revocaret,
582 1454 663 1529 quod
684 1472 759 1511 unus
778 1462 810 1511 tu
828 1453 922 1511 facere
943 1453 1068 1511 maxime

123 1550 253 1627 potuisti,
268 1559 317 1609 aut
333 1549 537 1608 occubuissem
551 1549 674 1607 honeste
694 1560 743 1608 aut
756 1551 878 1608 victores
892 1549 980 1607 hodie
994 1549 1068 1606 vive·

123 1666 232 1709 remus.
274 1647 333 1706 Hic
347 1647 418 1705 mihi
432 1649 585 1723 ignosces:
607 1666 655 1706 me
669 1649 747 1706 enim
761 1649 857 1723 ipsum
871 1648 962 1707 multo
977 1649 1069 1723 magis

124 1762 244 1817 accuse,
256 1745 360 1805 deinde
374 1755 402 1802 te
417 1746 501 1820 quasi
515 1763 563 1804 me
578 1745 712 1818 alterum;
728 1757 756 1803 et
771 1746 855 1804 simul
869 1765 952 1804 meae
967 1745 1068 1821 culpae

125 1845 241 1905 socium
254 1860 372 1920 quaer0,
387 1861 422 1901 ac
437 1843 461 1901 si
476 1844 618 1914 restituor,
633 1845 720 1901 etiam
734 1845 831 1901 minus
847 1843 1005 1903 videbimur
1019 1842 1068 1900 de-

124 1942 254 2019 liquisse,
269 1943 322 1999 abs
336 1950 421 2017 teque
436 1952 522 2012 certe,
537 1943 677 2017 quoniam
696 1943 776 2000 nullo
791 1953 899 2012 nostro,
914 1952 966 2000 tuo
980 1942 1069 2017 ipsius

125 2040 272 2101 beneficio
286 2039 446 2115 diligemur.
490 2053 517 2112 5.
532 2039 623 2111 Quod
637 2050 665 2098 te
680 2058 747 2099 cum
763 2039 904 2099 Culleone
918 2041 1018 2098 scribis
1033 2041 1069 2098 de

125 2138 279 2217 privilegio
293 2139 432 2209 locutum,
447 2149 491 2196 est
505 2138 622 2213 aliquid,
639 2138 691 2196 sed
705 2138 796 2197 multo
811 2148 855 2196 est
869 2138 971 2196 melius
986 2140 1069 2196 abro-

125 2237 208 2313 gari:
229 2236 255 2295 si
275 2235 354 2294 enim
373 2254 461 2294 nemo
484 2236 631 2311 impediet,
646 2236 717 2311 quid
738 2247 781 2295 est
800 2237 929 2294 firmius?
951 2237 995 2295 sin
1010 2239 1070 2308 erit,

126 2334 180 2413 qui
205 2332 272 2391 ferri
299 2349 361 2390 non
389 2333 474 2404 sinat,
502 2334 580 2391 idem
602 2344 719 2392 senatus
744 2335 877 2392 consulto
905 2325 1075 2393 intercedet.⁴

126 2430 195 2493 Nec
215 2430 373 2506 quicquam
394 2430 472 2488 aliud
492 2448 567 2505 opus
588 2441 633 2489 est
653 2433 808 2506 abrogari:
837 2450 906 2489 nam
926 2433 1005 2508 prior
1025 2433 1070 2490 lex

126 2546 186 2589 nos
204 2528 277 2587 nihil
294 2528 444 2598 laedebat;
465 2546 554 2603 quam
575 2529 608 2598 si,
627 2538 659 2586 ut
680 2539 722 2587 est
743 2529 934 2604 promulgata,
955 2530 1070 2588 laudare

126 2624 320 2685 voluissemus
342 2635 400 2696 aut,
421 2635 453 2682 ut
480 2635 541 2682 erat
568 2625 760 2701 neglegenda,
781 2627 944 2701 neglegere,
966 2643 1070 2683 nocere

126 2722 253 2785 omnino
273 2722 358 2781 nobis
379 2740 439 2779 non
462 2724 608 2797 potuisset.
653 2723 711 2781 Hic
732 2725 802 2782 mihi
824 2726 949 2800 primum
974 2742 1071 2781 meum

127 2820 283 2883 consilium
297 2819 396 2890 defuit,
412 2819 464 2878 sed
478 2821 565 2878 etiam
585 2820 683 2878 obfuit.
729 2820 824 2892 Caeci,
840 2822 927 2892 caeci,
942 2822 1070 2896 inquam,

127 2898 238 2979 ruinius
251 2917 283 2977 iu
296 2919 399 2976 vestitu
413 2918 563 2988 mutando,
578 2919 608 2976 in
628 2918 737 2994 populo
752 2919 893 2994 rogando,
909 2918 997 2993 quod,
1016 2919 1071 2975 nisi

129 3016 303 3077 nominatim
327 3034 445 3074 mecum
466 3016 514 3091 agi
535 3027 673 3092 coeptum
695 3027 779 3087 esset,
795 3018 856 3075 fieri
876 3017 1071 3093 perniciosum

127 3114 192 3175 r'rrit
234 3113 293 3172 Sed
313 3132 405 3189 pergo
427 3116 579 3190 praeterita
586 3135 595 3188 ;
616 3134 715 3173 verum
730 3125 828 3174 tamen
849 3117 888 3174 ob
907 3117 982 3173 hanc
1003 3135 1071 3174 cau-

127 3230 203 3284 sam,
223 3221 263 3284 ut,
287 3210 404 3289 siquid
428 3223 538 3287 agetur,
562 3213 657 3288 legem
681 3214 767 3283 illam,
789 3215 819 3271 in
841 3232 898 3289 qua
922 3213 1072 3290 popularia

127 3311 221 3371 multa
234 3321 310 3387 sunt,
326 3328 364 3368 ne
377 3311 511 3386 tangatis.
554 3313 580 3370 6.
604 3312 714 3370 Verum
729 3322 773 3370 est
792 3313 909 3370 stultum
930 3331 977 3370 me
991 3331 1072 3388 prae-

129 3408 237 3487 cipere,
251 3408 322 3486 quid
336 3409 429 3485 agatis
450 3418 500 3468 aut
514 3427 573 3489 quo
595 3410 700 3469 modo:
729 3411 839 3468 utinam
860 3411 951 3470 modo
972 3422 1072 3486 agatur
