2498 3840
152 176 213 241 162
422 189 461 238 Μ.
486 188 606 238 auran
627 189 815 238 orunnoms
968 172 1038 265 [rm
1052 188 1098 240 ut

149 338 232 396 datas
246 355 319 397 esse.
354 357 382 411 4.
395 337 443 397 Tu
457 358 525 398 cum
537 339 626 398 Sexto
644 334 950 416 servasti'gravitatem
964 340 1098 413 eandem,

149 454 239 512 quam
253 436 324 494 mihi
338 438 489 513 praecipis.
526 437 611 496 Celer
624 448 692 497 tuus
706 439 829 497 disertus
842 438 938 513 magis
951 446 996 496 est
1009 455 1099 513 quam

150 538 276 611 sapiens.
318 535 364 593 De
383 537 535 594 iuvenibus
550 555 625 612 quae
645 556 681 595 ex
700 537 799 595 Tullia
817 537 921 595 audisti
939 554 1009 594 vera
1022 547 1099 596 sunt.

150 632 300 701 †Maconi
314 633 400 703 istud,
409 635 490 709 quod
506 635 616 704 scribis,
625 652 687 693 non
701 633 772 692 mihi
786 633 897 693 videtur
911 643 973 692 tam
986 653 1020 693 re
1034 652 1099 693 esse

149 732 229 791 triste
254 748 342 806 quam
365 732 471 790 verbo:
492 731 565 790 haec
590 741 635 791 est
658 735 718 804 ὅλη,
740 733 769 790 in
794 750 853 808 qua
879 749 959 790 nunc
987 750 1098 804 sumus,

150 829 252 886 mortis
267 829 374 887 instar:
397 839 446 887 aut
460 830 538 887 enim
552 829 623 887 mihi
636 829 725 888 libere
739 831 814 888 inter
826 829 921 889 malos
934 833 1100 886 πολιππὲω

150 925 203 983 fuit
224 935 273 984 aut
293 926 338 983 vel
359 926 521 1001 periculose
543 944 611 985 curn
631 927 736 999 bonis3
758 935 808 985 aut
829 945 885 986 nos
905 928 1099 987 temeritatem

150 1023 297 1082 bonorum
325 1041 480 1098 sequamur
508 1035 557 1081 aut
584 1024 736 1082 audaciam
770 1024 971 1101 improborum
1005 1025 1099 1085 insec-

151 1134 253 1180 temur.
296 1120 459 1197 Utrumque
474 1120 668 1196 periculosum
682 1131 734 1193 est,
750 1133 779 1180 at
792 1121 859 1193 hoc,
873 1123 955 1198 quod
974 1124 1098 1199 agimus,

151 1231 243 1296 turpe,
252 1238 307 1278 nec
321 1228 420 1277 tamen
435 1229 537 1277 tutum.
580 1219 681 1290 Istum,
690 1220 740 1297 qni
754 1219 843 1277 filium
858 1220 1048 1280 Brundisium
1062 1222 1098 1282 de

151 1336 225 1394 pace
239 1317 396 1376 misit-de
414 1336 488 1393 pace
507 1317 587 1375 idem
608 1317 712 1386 sentio,
727 1318 808 1394 quod
827 1327 866 1390 tu,
882 1319 1098 1379 simulationem

151 1434 216 1475 esse
231 1425 369 1490 apertam,
378 1416 472 1491 parari
485 1426 582 1474 autem
592 1416 699 1474 bellum
712 1416 901 1488 acerrime-,
910 1434 959 1475 me
970 1417 1098 1494 legatum

151 1514 186 1571 iri
199 1531 261 1571 non
276 1513 405 1583 arbitror,
420 1515 502 1571 cuius
516 1513 619 1584 adhuc,
633 1525 666 1573 ut
680 1515 785 1590 optavi,
799 1515 911 1573 mentio
925 1514 1003 1574 sacta
1021 1517 1099 1575 nulla

152 1612 205 1671 sit:
227 1629 264 1670 eo
278 1611 374 1669 minus
388 1611 484 1670 habeo
498 1629 618 1671 necesse
637 1612 762 1670 scribere
781 1621 831 1671 aut
850 1613 938 1672 etiam
960 1616 1098 1691 cogitare,

153 1709 224 1788 quid
238 1711 293 1769 sim
306 1709 444 1781 facturus,
459 1711 484 1770 si
498 1711 642 1781 acciderit,
656 1719 688 1769 ut
702 1712 788 1788 leger.

325 1869 374 1928 69.
415 1867 472 1926 AD
494 1867 748 1927 FAMILIARES
770 1867 855 1928 VIII.
882 1870 929 1930 16.

371 1982 436 2043 Ser.
460 2001 555 2042 unnsn
575 1982 683 2042 Amrm
702 2001 787 2043 nuc.
811 1997 878 2059 705.

428 2107 548 2148 castrus
569 2106 704 2148 cremom
724 2106 787 2148 san.

198 2223 224 2264 t.
243 2203 438 2264 Exanmnrus
458 2203 514 2261 tuis
535 2202 645 2275 litteris,
666 2203 774 2279 quibus
798 2213 827 2262 te
851 2203 922 2262 nihil
943 2203 999 2263 nisi
1020 2203 1098 2265 triste

153 2306 282 2382 cogitare
296 2303 448 2363 ostendisti
462 2320 558 2379 neque
572 2302 602 2360 id
617 2302 688 2378 quid
701 2311 779 2361 esset
792 2303 983 2379 perscripsisti
1003 2320 1097 2381 neque

153 2422 216 2462 non
235 2411 343 2471 tamen,
359 2399 444 2476 quale
465 2410 541 2458 esset
559 2401 639 2475 quod
659 2400 811 2475 cogitares,
826 2401 972 2476 aperuisti,
986 2400 1041 2460 has
1060 2400 1098 2461 ad

154 2512 183 2560 te
205 2500 270 2558 ilico
291 2499 398 2559 litteras
426 2499 536 2573 scripsi.
578 2497 633 2555 Per
655 2496 787 2556 fortunas
814 2507 887 2568 tuas,
910 2496 1025 2571 Cicero,
1046 2518 1098 2576 per

153 2600 261 2660 liberos
282 2607 312 2656 te
335 2614 388 2656 oro
412 2604 442 2654 et
461 2597 593 2666 obsecro,
615 2613 652 2653 ne
674 2595 744 2671 quid
764 2595 879 2670 gravius
899 2595 936 2654 de
958 2597 1050 2656 salute
1069 2606 1097 2656 et

153 2696 351 2756 incolumitate
370 2703 420 2752 tua
437 2693 582 2752 consulas.
625 2691 703 2750 Nam
722 2693 793 2751 deos
812 2691 1005 2770 hominesque
1026 2695 1097 2753 ami·

154 2794 309 2871 citiamque
337 2801 468 2850 nostram
489 2790 627 2848 testificor
650 2807 698 2848 me
723 2790 773 2848 tibi
801 2790 979 2866 praedixisse
1004 2808 1098 2868 neque

154 2904 262 2952 temere
287 2891 446 2959 monuisse,
470 2889 523 2947 sed
546 2898 702 2963 postquam
728 2887 884 2946 Caesarem
913 2890 1098 2947 convenerim

155 2989 386 3065 sententiamque
414 2987 485 3055 eius,
514 2986 607 3060 qualis
634 2984 730 3043 sutura
757 2993 834 3043 esset
861 2996 945 3060 parta
971 2986 1099 3056 victoria,

155 3086 353 3162 cognoverim,
374 3095 404 3143 te
424 3083 576 3142 certiorem
598 3081 710 3141 secisse.
754 3081 784 3140 Si
807 3082 955 3140 existimas
976 3083 1100 3142 eandem

155 3186 299 3242 rationem
314 3183 376 3242 sore
393 3181 526 3241 Caesaris
545 3181 576 3237 in
595 3180 773 3239 dimittendis
792 3179 962 3238 adversariis
980 3191 1010 3239 et
1029 3198 1100 3240 con·

156 3281 320 3341 dicionibus
346 3280 480 3350 serendis,
503 3295 597 3337 erras:
633 3276 703 3335 nihil
731 3275 786 3335 nlsi
814 3286 896 3335 atrox
925 3287 955 3335 et
983 3296 1101 3337 saevum

157 3378 267 3456 cogitat
291 3391 378 3457 atque
406 3378 493 3437 etiam
515 3376 656 3455 loquitur:
688 3375 776 3435 iratus
799 3375 910 3436 senatui
936 3377 1024 3450 exiit;
1055 3375 1100 3435 his
