2392 3848
119 102 181 166 116
319 119 338 165 ᾳ
373 114 426 169 ru.
453 113 575 165 rurrrr
595 116 787 168 orcanonra
898 102 1051 188 finan.

116 284 175 340 qua
195 283 287 323 unum
308 267 450 325 exstitisse
471 267 600 326 mirabile
622 277 674 338 est,
693 285 781 343 quem
802 284 861 343 ego
881 285 997 327 curmm
1013 277 1053 326 aut

116 382 205 438 quam
225 362 353 422 lauream
374 384 442 423 curn
462 376 511 424 tua
532 366 698 424 laudatione
720 364 905 423 conferrem?
939 385 1006 425 nam
1023 366 1054 424 ad

116 480 216 520 meum
237 479 357 520 sensum
377 473 407 520 et
429 463 467 520 ad
492 463 560 521 illud
580 464 724 521 sincerum
745 481 780 521 ac
801 463 906 522 subtile
928 465 1055 523 iudicium

118 560 188 618 nihil
210 570 307 636 potest
322 579 385 619 esse
401 562 571 620 laudabilius
589 580 678 637 quarn
693 579 728 620 ea
745 571 795 618 tua
812 562 917 631 oratic,
933 573 1055 639 quaeest

116 660 155 717 ad
182 677 230 716 me
255 661 414 736 perscripta
441 679 459 718 a
486 661 559 720 meis
588 660 765 718 necessariis.
810 679 835 719 a.
859 659 920 719 Sed
948 680 1056 720 causam

116 775 199 815 meae
214 757 375 828 voluntatis,
390 777 452 816 non
466 759 545 817 euim
565 758 661 816 dicam
681 757 854 832 cupiditatis,
870 759 996 832 exposui
1014 759 1056 817 tibi

116 855 313 931 superioribus
327 856 433 927 litteris,
449 874 524 932 quae
538 855 650 913 etiarnsi
664 873 768 932 parum
782 855 857 912 iusta
871 854 924 912 tibi
939 857 1001 914 visa
1012 868 1056 926 est,

116 951 192 1010 hanc
206 963 303 1010 tamen
319 954 405 1012 habet
421 957 572 1025 rationem,
589 970 650 1010 non
663 965 695 1011 ut
709 952 796 1010 nimis
811 955 1056 1030 concupiscendus

116 1051 220 1121 honos,
243 1051 295 1109 sed
316 1062 421 1120 tamen,
444 1053 469 1110 si
490 1051 633 1110 deferatur
653 1068 671 1109 a
692 1061 802 1120 senatu,
824 1050 946 1110 minime
968 1072 1057 1129 asper·

117 1148 232 1205 nandus
254 1167 318 1206 esse
338 1149 474 1208 videatur.
519 1149 612 1225 Spero
634 1159 731 1206 autem
753 1148 833 1205 illum
854 1149 991 1207 ordinem
1011 1168 1057 1226 pro

116 1247 189 1304 meis
204 1247 242 1303 ob
257 1247 478 1322 rempublicam
493 1247 633 1322 susceptis
653 1247 800 1304 laboribus
819 1262 868 1304 me
888 1263 952 1304 non
971 1248 1056 1324 indig-

116 1362 187 1401 num
202 1344 321 1415 honore,
337 1345 442 1403 usitato
461 1344 638 1421 praesertim,
653 1344 890 1402 existimaturum.
934 1343 1056 1416 Quodsi

116 1443 156 1500 ita
177 1441 237 1511 erit,
258 1449 371 1499 tantum
392 1461 429 1500 ex
450 1453 478 1500 te
499 1451 577 1518 peto,
600 1441 681 1517 quod
701 1441 874 1500 amicissime
896 1443 1006 1514 scribis,
1022 1454 1055 1512 ut,

118 1558 186 1599 cum
207 1524 257 1596 tuo
279 1539 393 1610 iudicio,
409 1540 490 1614 quod
511 1539 721 1614 amplissimum
740 1556 804 1596 esse
823 1540 980 1612 arbitraris,
994 1543 1056 1600 milti

117 1637 258 1707 tribueris,
283 1636 307 1693 si
334 1636 373 1705 id,
396 1636 476 1712 quod
501 1636 639 1706 maluero,
667 1635 811 1705 acciderit,
836 1636 987 1711 gaudeas:
1020 1640 1056 1698 sic

118 1735 197 1795 enirn
211 1733 313 1791 secisse
327 1744 356 1791 te
371 1744 400 1791 et
414 1734 540 1792 sensisse
554 1743 582 1791 et
602 1733 752 1808 scripsisse
772 1733 864 1803 vide0‚
880 1752 988 1811 resque
1002 1738 1056 1812 ipsa

119 1832 244 1893 declarat
258 1831 308 1888 tibi
323 1831 402 1888 illurn
416 1831 560 1889 honorem
579 1841 709 1889 nostmm
730 1829 947 1906 supplicationis
962 1834 1055 1892 iucun·

120 1933 189 1989 dum
210 1927 307 1996 luisse,
322 1926 402 2002 quod
420 1927 575 1985 scribendo
596 1926 728 1995 adfuisti;
750 1927 822 1985 haec
844 1928 925 1986 enim
948 1941 1055 1989 senatus

119 2024 250 2086 consulta
274 2040 335 2080 non
361 2025 465 2099 ignoro
493 2025 531 2081 ab
559 2025 739 2083 amicissimis
766 2024 836 2095 eius,
859 2025 943 2084 cuius
968 2027 1056 2086 houor

120 2124 220 2199 agitur,
237 2121 322 2179 scribi
337 2121 436 2180 solere.
478 2120 554 2197 Ego,
565 2131 597 2179 ut
611 2140 705 2197 spem,
717 2131 745 2180 te
760 2122 933 2197 propediem
948 2125 1055 2196 videbo,

118 2231 205 2296 atque
219 2220 329 2277 utinam
343 2237 373 2276 re
388 2219 503 2295 publica
517 2219 635 2276 meliore
647 2237 734 2295 quam
749 2217 855 2277 timeol

291 2379 339 2432 41.
381 2373 439 2433 AD
459 2373 710 2443 FAMILIARES
732 2375 816 2433 VIII.
842 2394 888 2450 14.

214 2488 280 2549 Sex.
303 2489 411 2548 Roma
431 2509 525 2549 uuusrr
547 2489 713 2550 Sarranum
735 2492 771 2566 (i)
794 2509 877 2551 auc.
902 2505 972 2568 704.

412 2614 532 2655 canctus
553 2614 686 2656 crouuour
705 2615 766 2657 sar..

162 2732 188 2772 1.
210 2708 309 2767 Tuum
332 2727 393 2766 uon
416 2709 468 2768 luit
494 2711 625 2770 Arsacen
646 2730 749 2788 capere
770 2721 798 2769 et
820 2711 992 2771 Seleuceam
1012 2731 1057 2772 ex·

119 2826 258 2891 pugnare,
269 2815 300 2864 ut
314 2825 412 2863 earum
426 2826 528 2878 rerum,
544 2827 618 2884 quae
630 2808 676 2867 hic
690 2818 788 2884 gestae
804 2819 879 2880 sunt,
894 2812 1056 2886 spectaculo

120 2923 249 2970 careres:
284 2921 443 2979 numquam
467 2904 518 2962 tibi
542 2906 618 2963 oculi
646 2906 811 2976 doluissent,
837 2907 862 2964 si
888 2907 919 2964 in
947 2909 1057 2985 repulsa

120 3003 242 3064 Domitii
262 3002 371 3060 voltum
390 3001 516 3060 vidisses.
560 3002 671 3078 Magna
691 3003 738 3061 illa
759 3003 876 3062 comitia
896 3004 1014 3064 fuerunt
1033 3016 1057 3065 et

120 3103 206 3179 plane
235 3099 328 3157 studia
351 3118 388 3158 ex
416 3099 539 3174 partium
568 3118 655 3158 seusu
682 3110 895 3176 apparuerunt;
923 3103 1058 3180 perpauci

120 3197 362 3268 necessitudinem
376 3197 465 3256 secuti
480 3194 607 3254 officium
621 3198 831 3272 praestiterunt.
872 3197 977 3276 Itaque
991 3201 1058 3258 mihi

119 3308 164 3360 est
191 3295 336 3354 Domitius
370 3293 592 3355 inimicissimus,
620 3303 652 3340 ut
678 3311 716 3352 ne
743 3293 914 3356 familiarem
942 3299 1057 3375 quidem
