2392 3848
121 197 164 260 Εμ
177 183 230 267 15.]
309 195 420 250 rrrsr.
443 198 492 246 An
515 198 635 264 onrrrr.
657 199 761 247 rnnr.
783 201 808 248 r.
826 204 855 253 2.
1013 207 1052 266 41

124 364 224 413 contra
241 355 370 414 Flavium
391 357 433 427 sit
454 357 584 432 amplius.
625 355 663 415 Et
682 357 771 415 Flavii
792 375 878 416 causa
898 365 927 416 et
948 357 1054 415 scilicet

119 450 250 527 Pompeii
264 452 352 511 iacies
366 455 471 512 omnia.
513 454 593 512 Nolo
607 455 720 512 medius
734 455 819 512 fidius
834 473 870 512 ex
885 465 934 512 tua
953 455 1055 512 iniuria

117 548 147 605 in
167 548 247 606 illurn
267 550 318 607 tibi
338 550 484 610 liberalem
506 569 553 608 me
575 551 670 620 videri,
693 552 745 610 sed
765 560 794 610 te
815 569 878 621 oro,
892 561 923 610 ut
942 561 972 610 tu
991 551 1054 626 ipse

116 646 315 703 auctoritatem
335 656 364 704 et
384 659 606 706 monumentum
627 647 745 725 aliquod
766 650 872 707 decreti
893 659 942 706 aut
966 648 1054 706 litter-

115 759 196 800 arum
218 753 332 802 tuarum
356 745 507 820 relinquas,
532 746 612 820 quod
640 748 676 804 sit
703 747 741 804 ad
765 746 855 804 Flavii
878 763 940 803 rem
964 755 992 802 et
1015 743 1052 802 ad

114 858 233 898 causam
255 843 495 902 accomodatum:
517 843 571 902 fert
591 844 669 902 enirn
690 845 812 920 graviter
832 843 923 902 homo
945 845 1052 900 etmel

114 938 383 998 observantissimus
398 951 426 998 et
440 942 483 998 sui
497 941 565 999 iuris
580 942 782 1018 dignitatisque
794 942 921 999 retinens
933 959 964 999 se
976 941 1054 1016 apud

114 1045 143 1093 te
162 1053 257 1110 neque
276 1037 401 1094 amicitia
419 1055 474 1095 nec
492 1037 553 1095 iure
570 1037 709 1110 valuisse3
731 1048 768 1108 et,
783 1050 815 1096 ut
833 1039 947 1113 opinor,
965 1037 1054 1095 Flavii

114 1133 270 1207 aliquando
284 1152 345 1191 rem
360 1144 388 1191 et
402 1133 560 1209 Pompeius
574 1145 604 1193 et
617 1134 725 1194 Caesar
739 1136 789 1194 tibi
800 1134 1052 1204 commendarunt,

114 1241 142 1288 et
156 1231 218 1306 ipse
235 1231 272 1288 ad
292 1240 320 1288 te
337 1232 489 1306 scripserat
509 1233 622 1291 Flavius
640 1242 669 1292 et
686 1251 743 1309 ego
762 1242 847 1292 certe.
891 1231 959 1304 Qua
977 1250 1008 1290 re
1027 1232 1052 1290 si

114 1328 172 1385 ulla
185 1346 231 1387 res
246 1339 297 1399 est,
312 1347 400 1404 quam
418 1329 469 1386 tibi
488 1347 536 1387 me
554 1340 670 1406 petente
689 1330 853 1389 faciendam
871 1338 964 1406 putes,
978 1328 1053 1387 haec

114 1443 149 1482 ea
169 1426 210 1483 sit
255 1425 285 1483 Si
305 1443 353 1484 me
374 1444 464 1496 amas,
479 1445 555 1497 cura,
571 1428 694 1498 elabora,
708 1428 823 1503 perfice,
841 1437 872 1485 ut
890 1426 1004 1484 Flavius
1024 1435 1053 1484 et

114 1523 164 1580 tibi
179 1532 207 1581 et
221 1523 291 1581 mihi
305 1540 394 1599 quam
407 1525 549 1583 maximas
563 1526 670 1600 gratias
684 1535 767 1601 agat:
789 1525 846 1582 hoc
863 1535 892 1582 te
911 1525 951 1582 ita
969 1541 1051 1600 rogo,

114 1630 145 1677 ut
159 1622 267 1678 maiore
282 1623 378 1680 studio
392 1639 496 1696 rogare
510 1640 571 1680 non
584 1625 704 1698 possim.

155 1717 205 1774 IV.
233 1737 276 1775 12.
299 1717 389 1789 Quod
408 1720 445 1776 ad
463 1737 510 1777 me
530 1719 566 1777 de
586 1719 708 1777 Hermia
726 1721 835 1790 scribis,
849 1720 920 1777 mihi
939 1720 1050 1777 meher-

118 1817 181 1874 cule
194 1816 275 1874 valde
289 1817 442 1875 molestum
461 1816 520 1875 fuit.
564 1816 686 1876 Litteras
705 1819 743 1876 ad
761 1829 789 1877 te
808 1836 910 1893 parurn
928 1817 1051 1876 fraterne

116 1915 305 1990 scripseram
327 1931 400 1988 quas
421 1915 550 1972 oratione
571 1915 700 1986 Diodoti,
720 1914 832 1973 Luculli
851 1915 952 1985 liberti,
972 1932 1052 1973 com·

112 2021 219 2079 motus,
248 2012 284 2069 de
311 2013 446 2087 pactione
474 2013 568 2069 statim
597 2013 676 2088 quod
704 2013 861 2082 audieram,
886 2013 1050 2070 iracundius

111 2111 284 2184 scripseram
304 2120 332 2166 et
349 2126 484 2167 revocare
503 2110 675 2185 cupiebam:
694 2110 761 2168 huic
781 2121 812 2168 tu
831 2110 969 2186 epistolae
989 2128 1051 2168 non

110 2207 234 2264 fraterne
249 2207 372 2281 scriptae
385 2205 508 2265 fraterne
528 2207 616 2265 debes
636 2208 797 2282 ignoscere.
843 2225 888 2280 13.
910 2206 956 2264 De
971 2206 1048 2266 Cen-

111 2305 220 2376 sorino,
248 2305 386 2374 Antonio,
407 2299 523 2373 Cassiis,
544 2304 690 2374 Scaevola,
720 2315 747 2362 te
775 2307 812 2362 ab
840 2305 874 2362 iis
902 2304 990 2380 diligi,
1018 2315 1051 2363 ut

111 2402 222 2466 scribis,
245 2401 429 2458 vehementer
453 2401 577 2476 gaudeo.
619 2401 723 2460 Cetera
747 2401 861 2459 suerunt
889 2401 920 2458 in
947 2402 1051 2460 eadem

111 2498 235 2573 epistola
245 2498 384 2573 graviora,
395 2515 482 2572 quam
493 2498 612 2556 vellem:
627 2500 705 2573 ὀρθὰν
715 2502 761 2554 τὰν
770 2504 829 2554 ναῦν
839 2508 868 2556 et
879 2501 947 2568 ἅπαξ
959 2501 1050 2556 θανεῖν.

111 2597 227 2655 Maiora
248 2597 302 2654 ista
326 2606 425 2653 erunt:
450 2613 532 2654 meae
557 2597 772 2671 obiurgationes
801 2596 916 2654 suerunt
943 2598 1050 2655 amoris

110 2693 313 2770 plenissimae;
335 2711 410 2768 quae
425 2702 491 2751 sunt
505 2710 565 2751 non
580 2694 665 2763 nulla,
679 2693 730 2751 sed
738 2704 837 2751 tamen
852 2694 1009 2752 mediocria
1023 2704 1052 2752 et

111 2807 200 2866 parva
210 2791 314 2864 potius.
342 2789 407 2864 Ego
422 2800 450 2847 te
465 2807 624 2865 numquam
639 2790 696 2848 ulla
710 2792 739 2847 in
754 2809 784 2848 re
796 2791 917 2866 dignum
929 2792 1050 2849 minima

110 2886 336 2963 reprehensione
355 2897 510 2963 putassem,
527 2906 593 2945 cum
613 2898 641 2945 te
660 2888 839 2946 sanctissime
856 2906 979 2963 gereres,
994 2889 1051 2945 nisi

111 2985 247 3044 inimicos
273 2984 379 3042 multos
395 2985 587 3043 haberemus.
630 2983 714 3056 Quae
742 2985 780 3042 ad
808 2995 836 3043 te
864 2986 960 3060 aliqua
991 2989 1050 3042 cuni

110 3082 273 3141 monitione
297 3092 346 3138 aut
370 3083 570 3158 obiurgatione
592 3083 700 3157 scripsi,
723 3083 825 3158 scripsi
845 3092 964 3158 propter
986 3082 1048 3140 dili-

110 3181 238 3257 gentiam
258 3180 398 3236 cautionis
417 3198 508 3249 meae,
523 3180 553 3237 in
568 3197 626 3255 qua
644 3190 674 3237 et
691 3198 796 3239 maneo
815 3190 843 3237 et
864 3181 991 3237 manebo
1012 3191 1050 3250 et,

110 3279 188 3337 idem
203 3287 234 3333 ut
247 3275 343 3346 facias,
355 3293 415 3332 non
431 3276 568 3335 desistam
583 3295 693 3352 rogare.
739 3295 784 3348 14.
800 3277 913 3335 Attalus
929 3276 1049 3353 Hypae-

113 3393 208 3452 penus
222 3392 337 3433 mecum
354 3374 421 3449 egit,
436 3383 468 3434 ut
486 3393 518 3434 se
537 3392 574 3433 ne
593 3375 756 3451 impedires,
772 3393 831 3452 quo
849 3377 954 3449 minus,
970 3379 1051 3454 quod
