2392 3848
42 2392 46 2399 ἱ
134 2340 223 2380 unam
241 2322 338 2380 datam
357 2339 382 2378 a.
397 2320 427 2377 d.
442 2339 502 2377 vm.

135 205 177 273 50
308 250 311 258 ‚
406 206 445 255 nr.
471 207 592 255 runrrr
613 203 799 257 cronnonm
974 196 1044 280 [Pars
1058 210 1076 260 r.

134 363 235 421 sinos
259 372 371 438 premet
395 364 498 422 eadem
522 364 646 437 fortuna,
671 365 742 442 quid
764 383 857 442 puero
880 364 990 425 misero
1010 365 1075 424 fiet?

133 458 203 517 Non
225 479 301 536 queo
322 461 432 537 reliqua
453 462 697 520 scribere-tanta
718 463 760 521 vis
781 463 963 521 lacrimarum
985 474 1076 533 est-,

133 575 228 633 neque
244 571 272 616 te
294 560 324 616 in
345 561 472 617 eundem
493 559 593 618 fletum
615 559 767 620 adducam.
809 560 940 618 Tantum
961 563 1076 620 scribo:

133 653 158 710 si
186 667 269 715 erunt
297 658 327 714 in
355 655 451 714 officio
475 657 568 728 amici,
591 658 715 732 pecunia
743 676 803 716 non
828 657 919 716 deerit
930 677 943 729 3·
967 659 993 717 si
1017 676 1076 717 non

133 760 224 821 erunt,
247 762 279 811 tu
307 753 418 811 efficere
442 764 491 810 tua
514 755 639 828 pecunia
660 772 722 812 non
747 755 864 830 poteris.
908 755 963 813 Per
987 755 1074 814 fortu-

133 871 187 910 nas
203 852 323 910 miseras
337 861 461 921 nostras,
476 850 549 922 vide,
564 869 602 909 ne
617 870 738 927 puerum
752 852 896 927 perditum
910 853 1075 929 perdamus.

134 948 190 1008 Cui
203 950 227 1007 si
242 947 350 1023 aliquid
364 949 424 1019 erit,
438 966 475 1006 ne
496 958 588 1024 egeat,
603 948 743 1007 mediocri
759 950 861 1007 virtute
883 967 960 1025 opus
982 961 1027 1009 est
1047 962 1076 1008 et

133 1034 273 1104 mediocri
294 1045 419 1115 fortuna,
433 1054 464 1102 ut
486 1055 580 1102 cetera
601 1056 802 1120 consequatur.
845 1047 873 1103 6.
902 1046 962 1106 Fac
983 1048 1077 1106 valeas

133 1155 162 1201 et
176 1144 214 1201 ad
227 1161 275 1201 me
289 1141 454 1200 tabellarios
475 1142 580 1211 mittas
595 1152 626 1199 ut
650 1142 748 1212 sciam,
763 1142 833 1218 quid
854 1153 956 1218 agatur
976 1154 1006 1202 et
1026 1163 1076 1203 vos

134 1241 205 1317 quid
228 1240 327 1315 agatis.
378 1237 451 1295 Mihi
480 1237 601 1295 omnino
626 1238 684 1295 iam
707 1238 800 1296 brevis
822 1241 1001 1314 exspectatio
1027 1252 1076 1300 est.

134 1336 277 1394 Tulliolae
298 1346 328 1395 et
348 1335 483 1395 Ciceroni
505 1334 626 1393 salutem
648 1336 702 1394 dic.
743 1334 854 1393 Valete.
895 1336 934 1395 D.
949 1355 976 1396 a.
992 1339 1019 1396 d.
1038 1357 1075 1396 vr.

134 1433 173 1492 K.
188 1433 328 1492 Decemb.
369 1430 550 1506 Dyrrhachii.
599 1431 657 1503 Qo'
670 1428 769 1493 ‘le

176 1545 203 1606 7.
229 1529 440 1606 Dyrrhachium
460 1528 535 1600 veni,
549 1528 630 1604 quod
651 1538 679 1586 et
700 1529 789 1587 libera
810 1529 909 1589 civitas
931 1541 975 1590 est
998 1542 1027 1591 et
1047 1533 1076 1590 in

134 1649 182 1689 me
196 1630 326 1688 officiosa
346 1637 376 1685 et
394 1626 527 1702 proxima
541 1626 660 1697 Italiae3
684 1627 735 1685 sed
756 1628 781 1685 si
802 1627 932 1686 offendet
952 1645 1002 1687 me
1023 1629 1077 1688 loci

135 1728 294 1798 celebritas,
310 1725 366 1783 alio
380 1743 428 1783 me
443 1723 601 1794 conferam,
616 1723 654 1781 ad
668 1734 696 1782 te
711 1724 843 1783 scribam.

354 1909 400 1963 19.
441 1903 498 1960 An
520 1902 711 1961 arricum
733 1903 787 1961 111.
814 1923 859 1978 23.
900 1877 952 1968 31
970 1864 1070 1951 ren,

136 2012 201 2072 Sca.
215 2012 404 2070 Dunmrncrru
423 2029 520 2067 eninm
538 2009 699 2068 Karnnnns
718 2008 896 2069 Dncnnnass
911 2030 996 2072 nuc.
1010 2014 1074 2087 696.

290 2142 333 2197 ῃ)
453 2136 555 2177 crcrno
575 2135 681 2177 nrrrco
702 2137 763 2176 san.
1036 2075 1096 2171 o‘l.

178 2244 203 2283 1.
228 2188 307 2282 Ad.
323 2243 349 2281 v.
365 2223 430 2281 Kal.
452 2222 606 2376 11111111.
627 2233 684 2280 tres
709 2223 845 2299 epistolas
866 2243 884 2282 a
908 2235 936 2283 te
961 2227 1078 2302 accepi:

549 2318 583 2377 aI.

599 2320 789 2391 Novembres,
811 2323 841 2378 in
863 2339 921 2397 qua
941 2341 990 2381 me
1012 2325 1077 2383 hor·

48 2402 59 2421 '¹
93 2444 96 2451 ·
134 2420 211 2489 taris,
224 2428 256 2476 ut
269 2417 335 2476 forti
349 2419 447 2476 animo
461 2434 593 2475 mensem
607 2418 774 2475 Ianuarium
789 2429 964 2494 exspectem,
976 2438 1076 2497 eaque,

135 2535 209 2592 quae
236 2514 275 2573 ad
303 2533 386 2590 spem
413 2524 497 2589 putas
525 2514 676 2590 pertinere,
706 2513 742 2573 de
771 2515 886 2573 Lentuli
913 2517 1018 2588 studio,
1041 2519 1077 2577 de

135 2612 245 2672 Metelli
258 2612 412 2681 voluntate,
428 2610 464 2669 de
478 2620 539 2669 tota
553 2610 685 2686 Pompeii
701 2613 821 2683 ratione,
836 2613 999 2687 perscribis
1042 2615 1077 2674 In

135 2711 223 2770 altera
246 2708 368 2785 epistola
395 2716 508 2783 praeter
535 2706 774 2765 consuetudinem
802 2719 882 2769 tuam
911 2710 988 2770 diem
1017 2731 1076 2773 non

135 2807 281 2876 adscribis,
296 2805 349 2863 sed
363 2806 431 2863 satis
452 2805 599 2879 significas
618 2816 749 2880 tempus;
771 2807 836 2882 lege
855 2809 933 2866 enim
953 2811 990 2868 ab
1010 2823 1077 2871 octo

136 2906 256 2966 tribunis
270 2903 307 2980 pl.
321 2902 503 2978 promulgata
523 2902 622 2961 scribis
641 2911 670 2961 te
690 2921 739 2961 eas
759 2905 865 2964 litteras
887 2890 924 2965 eo
945 2906 1010 2982 ipso
1032 2909 1078 2968 die

137 3005 259 3074 dedisse,
279 3000 309 3059 id
329 3009 373 3058 est
392 3018 417 3058 a.
433 2999 461 3056 d.
476 3018 527 3080 nn.
547 2999 611 3058 Kal
632 2999 825 3072 Novembres,
845 3012 881 3075 et,
902 3004 973 3080 quid
993 3017 1078 3080 putes

136 3101 263 3159 utilitatis
280 3115 345 3157 earn
359 3096 622 3174 promulgationem
636 3097 774 3168 attulisse,
789 3100 908 3159 scribis:
930 3102 960 3159 in
975 3121 1035 3180 quo
1054 3106 1077 3164 si

136 3198 195 3256 iam
208 3197 281 3256 haec
294 3205 394 3254 nostra
410 3194 486 3253 salus
505 3213 572 3253 curn
590 3194 646 3253 hac
664 3194 729 3269 lege
748 3195 900 3271 desperata
919 3200 980 3270 erit,
992 3201 1078 3260 velim

136 3312 190 3372 pro
212 3305 263 3353 tuo
285 3295 317 3353 in
339 3313 387 3352 me
411 3309 510 3352 amore
534 3291 610 3351 hanc
634 3292 750 3351 inanem
774 3311 871 3351 meam
899 3294 1079 3372 diligentiam

137 3391 328 3453 miserabilem
349 3391 554 3470 potiusquam
574 3389 702 3468 ineptam
723 3399 817 3469 putes,
838 3392 883 3449 sin
904 3406 948 3452 est
969 3394 1078 3474 aliquid
