2498 3840
149 223 191 286 ap.
207 235 251 286 39,
266 207 320 292 42]
336 220 450 271 uersa.
473 220 523 270 ao
543 221 767 270 remicianae
789 220 847 274 xv,
870 216 897 274 6.
1035 223 1097 292 115

148 397 282 454 regnum,
308 379 455 438 sociorum
478 390 643 438 revocatam
667 381 705 439 ad
726 379 852 438 studium
873 377 985 456 imperii
1006 378 1097 437 nostri

148 477 327 534 voluntatem
349 477 492 534 sententia
513 494 580 534 mea
602 486 630 534 et
652 477 767 535 decreto
789 476 946 547 laudarem,
964 475 1027 535 leci.
1071 494 1096 534 a.

149 574 401 649 Supplicationem
422 573 577 644 decretam,
600 575 624 632 si
645 585 684 645 tu,
700 593 759 649 qua
779 575 809 632 in
830 592 861 631 re
880 574 951 631 nihil
972 572 1097 641 fortuito,

149 673 202 731 sed
217 689 332 730 summa
346 681 396 729 tua
408 671 521 728 ratione
540 680 570 728 et
589 671 767 729 continentia
785 673 826 730 rei
848 671 981 748 publicae
1002 671 1098 747 provi·

149 787 216 827 sum
230 778 282 840 est,
297 768 341 826 dis
360 768 570 826 immortalibus
588 769 723 843 gratulari
742 786 797 827 nos
818 787 906 844 quarn
925 767 976 827 tibi
993 768 1098 826 referre

148 876 304 941 acceptum
319 865 419 935 mavis,
431 865 563 939 gaudeo:
586 866 667 940 quod
679 866 702 923 si
717 866 855 940 triumphi
869 866 1098 942 praerogativam

148 972 235 1039 putas
258 963 501 1037 supplicationem
522 972 550 1020 et
578 962 685 1020 idcirco
707 981 808 1021 casum
829 963 925 1039 potius
954 981 1043 1038 quam
1069 973 1098 1021 te

148 1059 260 1117 laudari
293 1059 394 1128 mavis,
423 1078 519 1134 neque
552 1060 794 1135 supplicationem
828 1061 956 1137 sequitur
983 1078 1098 1136 semper

149 1158 314 1233 triumphus
330 1168 358 1215 et
372 1157 518 1232 triumpho
537 1158 629 1217 multo
644 1159 746 1216 clarius
762 1169 803 1217 est
824 1169 958 1216 senatum
972 1159 1098 1218 iudicare

149 1258 248 1332 potius
262 1255 484 1313 mansuetudine
499 1266 527 1313 et
541 1256 707 1314 innocentia
725 1257 906 1331 imperatoris
921 1257 1099 1331 provinciam

150 1370 240 1429 quam
254 1353 281 1408 vi
301 1352 424 1410 militum
443 1362 492 1410 aut
510 1353 689 1427 benignitate
709 1353 831 1411 deorum
851 1363 993 1411 retentam
1013 1364 1099 1428 atque

149 1460 353 1508 conservatam
376 1468 440 1507 esse
452 1468 460 1521 3
490 1450 569 1525 quod
594 1468 651 1525 ego
673 1468 740 1508 mea
763 1451 905 1508 sententia
930 1452 1096 1509 censebam.

150 1566 177 1620 3.
200 1548 299 1623 Atque
320 1547 392 1605 lraec
413 1564 471 1622 ego
492 1547 599 1605 idcirco
621 1547 659 1604 ad
680 1556 709 1605 te
730 1558 832 1606 contra
853 1549 1099 1606 consuetudinem

149 1663 248 1701 meam
271 1644 399 1719 pluribus
421 1644 529 1719 scripsi,
550 1655 590 1716 ut,
612 1645 693 1721 quod
713 1646 840 1702 maxime
861 1646 937 1715 volo,
953 1647 1098 1703 existimes

149 1762 198 1800 me
220 1743 360 1811 laborare,
383 1752 414 1798 ut
435 1742 485 1799 tibi
507 1743 697 1817 persuadeam
722 1762 770 1800 me
796 1752 825 1800 et
846 1742 969 1800 voluisse
991 1743 1027 1800 de
1048 1754 1098 1801 tua

149 1841 308 1908 maiestate,
323 1839 404 1913 quod
425 1839 636 1912 amplissimum
655 1840 710 1896 sim
731 1840 890 1909 arbitratus
907 1850 943 1909 et,
964 1841 1044 1914 quod
1065 1853 1096 1899 tu

149 1937 284 2006 maluisti,
314 1936 422 1993 factum
447 1953 511 1993 esse
539 1937 674 2010 gaudere.
717 1935 792 1993 Vale
816 1948 846 1995 et
870 1955 925 1994 nos
954 1938 1041 2013 dilige
1069 1950 1097 1997 et

149 2037 280 2095 instituto
306 2036 405 2092 itinere
430 2036 610 2093 severitatem
635 2035 871 2112 diligentiamque
894 2036 980 2095 sociis
1002 2048 1031 2098 et
1055 2040 1097 2098 rei

148 2134 284 2212 publicae
300 2144 422 2209 praesta

279 2317 281 2320 ·
342 2293 391 2346 40.
432 2288 489 2346 AD
511 2288 764 2348 FAMILIARES
787 2289 854 2348 XV.
877 2293 905 2349 6.

232 2403 299 2463 Seu.
320 2422 351 2461 ur
372 2402 486 2462 Cratera
507 2423 601 2462 nausa
623 2404 765 2475 Qumrmr
788 2403 822 2480 (i)
844 2425 927 2466 auc.
952 2421 1020 2480 704.

409 2528 432 2567 rr
452 2529 555 2570 cicaro
575 2529 597 2570 s.
617 2529 646 2584 n.
668 2530 700 2569 u.
722 2528 835 2570 caroru.

194 2644 219 2684 1.
242 2624 378 2682 ‘Laurus
406 2641 471 2680 sum
499 2624 607 2681 laudari
635 2623 702 2682 me'
730 2625 823 2699 inquit
848 2624 968 2696 Hector,
992 2627 1097 2702 opinor

150 2723 229 2799 apud
255 2721 406 2791 Naevium,
429 2722 498 2779 ‘abs
521 2732 557 2792 te,
581 2732 670 2797 pater,
692 2740 710 2780 a
734 2722 850 2781 laudato
871 2721 965 2794 viro;'
997 2743 1032 2782 ea
1053 2736 1097 2782 est

149 2822 229 2879 enim
246 2817 379 2895 prolecto
399 2818 523 2876 iucunda
542 2819 612 2890 laus,
627 2838 702 2894 quae
717 2821 754 2877 ab
776 2821 809 2878 iis
831 2821 1030 2895 proficiscitur,
1046 2823 1096 2897 qui

149 2920 205 2994 ipsi
219 2919 249 2974 in
265 2916 349 2973 laude
364 2917 503 2974 vixerunt.
544 2916 610 2991 Ego
631 2936 699 2975 vero
721 2917 765 2975 vel
784 2920 975 2993 gratulatione
990 2920 1096 2977 littera-

149 3035 214 3074 rum
238 3026 352 3071 tuarum
380 3013 423 3070 vel
452 3015 623 3072 testimoniis
650 3017 808 3074 sententiae
833 3017 926 3075 dietae
954 3017 1025 3074 nihil
1053 3028 1096 3075 est

149 3114 230 3190 quod
245 3130 293 3169 me
308 3128 367 3167 non
383 3111 552 3168 adsecutum
567 3122 666 3188 putem
679 3134 688 3184 3
710 3114 797 3188 idque
812 3114 882 3171 mihi
896 3133 963 3172 cum
979 3114 1096 3190 amplis-

149 3215 264 3279 simum,
281 3219 344 3265 tum
357 3209 553 3283 gratissimum
569 3220 621 3279 est,
636 3220 663 3267 te
679 3211 798 3269 libenter
816 3212 957 3269 amicitiae
972 3210 1094 3282 dedisse,

149 3310 230 3384 quod
254 3305 364 3381 liquido
392 3307 502 3364 veritati
528 3307 620 3364 dares,
662 3307 709 3375 Et,
735 3308 757 3366 si
782 3326 842 3365 non
870 3309 960 3366 modo
982 3327 1093 3380 omnes,

149 3425 248 3464 verum
270 3405 358 3462 etiam
380 3404 460 3461 multi
483 3401 611 3462 Catones
633 3416 730 3464 essent
751 3405 781 3462 in
803 3405 913 3466 civitate
936 3419 1043 3478 nostra,
1064 3409 1094 3466 in

596 3519 644 3560 12
