2392 3848
121 188 243 274 mm]
327 201 441 252 rarsr.
463 203 513 250 an
533 201 755 252 rnnrrmnns
777 202 826 252 ιν.
848 202 879 276 5.
1010 202 1073 269 209

122 359 265 429 possunt,
284 350 327 411 uti
353 352 448 428 magis
475 351 530 428 ipsi
551 352 702 411 videantur
727 351 850 410 aliorum
873 350 1073 410 consolatione

123 447 261 525 indigere
275 465 364 524 quam
378 448 439 507 aliis
453 466 541 526 posse
560 467 644 507 suum
666 449 793 507 officium
806 459 959 525 praestare,
975 459 1073 506 tamen

123 562 208 623 quae
232 545 264 604 in
288 547 451 622 praesentia
478 547 508 604 in
536 558 666 605 mentem
692 547 763 604 mihi
786 556 934 617 venerunt,
960 545 1073 604 decrevi

123 642 210 705 brevi
227 644 267 703 ad
284 652 313 702 te
326 646 511 721 perscribere,
527 664 588 704 non
605 663 664 720 quo
686 663 721 703 ea
739 654 767 703 te
782 644 880 720 sugere
902 644 1072 711 existimem,

124 739 183 801 sed
203 740 284 816 quod
300 739 420 799 forsitan
441 742 540 799 dolore
561 741 717 816 impeditus
736 741 833 799 minus
855 760 890 799 ea
905 741 1072 817 perspicias.

124 854 158 901 Ξ.
179 836 261 909 Quid
280 839 421 913 estquod
442 849 522 897 tanto
542 857 630 914 opere
650 847 679 896 te
701 848 883 897 commoveat
903 848 970 897 tuus
990 836 1073 894 dolor

123 934 301 995 intestinus?
321 935 426 1012 cogita,
441 954 528 1011 quem
543 937 581 995 ad
594 937 717 994 modum
735 935 830 994 adhuc
844 933 960 994 fortuna
974 934 1073 992 nobis·

124 1050 199 1092 cum
220 1033 329 1109 egerit:
349 1052 385 1093 ea
405 1035 491 1093 nobis
515 1045 613 1110 erepta
634 1052 707 1104 esse,
729 1052 804 1109 quae
824 1033 990 1091 hominibus
1011 1049 1073 1089 non

124 1128 227 1187 minus
241 1147 330 1206 quam
345 1131 425 1189 liberi
439 1150 506 1191 cara
526 1149 590 1190 esse
604 1131 720 1202 debent,
735 1131 865 1206 patriam,
881 1129 1072 1199 honestatem,

124 1224 310 1303 dignitatem,
333 1228 460 1287 honores
484 1247 598 1288 omnes.
640 1228 710 1289 Hoc
730 1245 790 1286 uno
812 1226 1001 1286 incommodo
1022 1225 1072 1283 ad·

123 1322 192 1383 dito
206 1325 277 1402 quid
294 1326 333 1385 ad
351 1326 483 1385 dolorem
502 1327 621 1403 adiungi
635 1326 750 1402 potuit?
771 1335 820 1382 aut
834 1325 884 1401 qui
897 1341 959 1382 non
972 1323 1003 1381 in
1018 1321 1072 1380 illis

122 1421 217 1483 rebus
238 1423 408 1485 exercitatus
425 1427 540 1485 animus
561 1426 663 1484 callere
682 1425 740 1482 iarn
762 1423 848 1482 debet
866 1434 953 1497 atque
974 1421 1073 1479 omnia

122 1518 250 1579 minoris
273 1522 457 1581 existimare?
500 1542 527 1597 3.
556 1523 605 1580 An
629 1522 703 1580 illius
728 1522 829 1590 vicem,
852 1519 949 1590 credo,
971 1517 1071 1577 doles?

123 1617 265 1693 quotiens
284 1618 316 1677 in
337 1638 402 1678 earn
424 1620 631 1695 cogitationem
653 1637 773 1678 necesse
795 1627 888 1676 estet
909 1626 941 1675 tu
960 1616 1072 1675 veneris

122 1722 157 1773 et
176 1730 234 1774 nos
258 1733 345 1793 saepe
370 1717 532 1788 incidimus,
554 1717 633 1777 hisce
658 1718 836 1792 temporibus
861 1733 922 1772 non
946 1714 1071 1790 pessime

122 1828 198 1871 cum
211 1811 247 1870 iis
260 1830 325 1871 esse
339 1824 444 1885 actum,
456 1815 561 1891 quibus
575 1815 638 1872 sine
653 1813 753 1873 dolore
767 1813 875 1871 licitum
890 1822 934 1869 est
947 1819 1071 1869 mortem

123 1911 268 1969 cumvita
288 1913 488 1971 commutare?
529 1911 609 1984 Quid
631 1923 727 1970 autern
749 1912 800 1969 suit
822 1909 901 1986 quod
923 1909 999 1967 illam
1014 1909 1071 1967 hoc

121 2020 260 2085 tempore
272 2008 311 2067 ad
324 2011 478 2068 vivendum
492 2029 601 2087 magno
620 2029 708 2086 opere
723 2011 839 2067 invitare
853 2010 970 2085 posset?
996 2026 1070 2082 quae

120 2108 194 2169 res?
217 2125 294 2184 quae
314 2108 402 2184 spesi
430 2109 508 2184 quod
528 2110 618 2168 animi
639 2109 797 2167 solacium?
822 2106 863 2166 Ut
883 2125 951 2166 curn
972 2106 1069 2182 aliquo

121 2204 312 2265 adulescente
329 2207 465 2281 primario
487 2208 643 2266 coniuncta
664 2216 787 2265 aetatem
808 2205 939 2281 gereret?
961 2204 1070 2262 licitum

121 2312 172 2363 est
184 2301 246 2373 tibi,
259 2303 355 2374 credo,
367 2322 420 2379 pro
435 2315 484 2362 tua
499 2304 636 2380 dignitate
650 2324 687 2363 ex
700 2305 755 2362 hac
770 2305 916 2361 iuventute
930 2320 1070 2377 generum

122 2399 260 2475 deligere,
289 2401 369 2459 cuius
397 2401 464 2460 fidei
499 2402 604 2460 liberos
635 2412 701 2461 tuos
736 2412 765 2460 te
792 2411 855 2459 tuto
890 2401 1069 2459 committere

121 2501 259 2577 putares!
300 2499 350 2557 An
370 2511 402 2558 ut
426 2519 461 2560 ea
481 2500 586 2559 liberos
612 2520 648 2558 ex
673 2519 738 2559 sese
759 2510 879 2577 pareret,
901 2516 976 2576 quos
1002 2517 1068 2557 curn

121 2596 262 2659 florentes
283 2598 391 2657 videret
412 2599 584 2657 laetaretur?
605 2600 655 2675 qui
676 2617 738 2656 rern
760 2617 777 2656 a
797 2607 916 2674 parente
937 2597 1069 2654 traditam

121 2712 179 2771 per
192 2711 224 2753 se
237 2704 336 2752 tenere
349 2697 489 2772 possent?
511 2697 638 2754 honores
653 2696 809 2754 ordinatim
822 2694 938 2770 petituri
952 2693 1067 2752 essent?

119 2793 207 2851 inre
228 2792 351 2868 publica,
370 2794 401 2851 in
421 2795 582 2853 amicorum
603 2795 726 2868 negotiis
748 2793 876 2851 libertate
898 2809 951 2849 sua
971 2792 1067 2848 usuri?

120 2888 195 2965 quid
208 2889 312 2947 horum
327 2890 380 2949 fuit
394 2892 473 2966 quod
488 2909 549 2949 non
563 2892 642 2967 prius
657 2909 744 2967 quam
765 2891 864 2949 datum
886 2899 928 2947 est
949 2889 1067 2965 ademp-

120 2996 185 3047 tum
199 2988 257 3046 sit?
299 2987 356 3046 ‘At
366 3007 434 3046 vero
449 2989 558 3048 malurn
572 2998 616 3046 est
627 2989 733 3047 liberos
749 2986 896 3046 amittere?
937 2985 1067 3045 Malum:

119 3084 178 3145 nisi
191 3083 250 3144 hoc
263 3087 346 3162 peius
360 3097 412 3158 est,
428 3086 501 3145 haec
523 3086 640 3146 sufferre
661 3096 689 3144 et
704 3086 824 3163 perpeti.
869 3104 896 3155 4.
918 3082 1001 3154 Quae
1020 3103 1067 3142 res

119 3182 194 3243 mihi
217 3201 279 3243 uon
306 3186 484 3244 mediocrem
512 3185 744 3244 consolationem
770 3183 900 3252 attulerit,
924 3182 990 3240 volo
1015 3182 1066 3239 tibi

119 3298 362 3355 commemorare,
381 3284 404 3341 si
425 3282 499 3342 forte
520 3283 624 3342 eadem
644 3300 691 3341 res
712 3282 762 3339 tibi
785 3280 915 3338 dolorem
936 3280 1066 3337 minnere

119 3379 224 3457 possit.
267 3379 315 3439 Ex
342 3381 415 3441 Asia
449 3381 570 3452 rediens,
600 3399 667 3439 cum
702 3380 740 3438 ab
767 3378 881 3455 Aegina
912 3377 1064 3456 Megaram

584 3497 602 3540 ι’
