2498 3840
148 195 211 264 154
417 189 457 241 M.
480 190 602 240 runnu
622 187 809 239 crcnnoms
960 175 1033 260 [ran
1046 188 1093 239 ru.

146 347 290 423 relinquit,
312 344 350 405 ad
373 354 522 422 posterum
550 343 657 402 bellum
684 345 814 400 ἄσπονδον
840 342 910 401 strui
936 340 1092 403 existimo!

146 447 243 504 Huius
258 445 344 519 igitur
356 443 423 501 belli
443 460 499 519 ego
520 442 662 517 particeps
681 450 710 500 et
729 440 826 500 socius
844 450 874 501 et
891 439 1007 500 adiutor
1026 460 1092 501 esse

146 560 246 619 cogor,
261 540 342 617 quod
357 549 385 598 et
399 541 530 595 ἄσπονδον
549 547 593 597 est
611 544 721 598 etcum
741 537 860 596 civibus.
902 537 1020 597 Deinde
1040 557 1108 619 vu..

146 642 218 699 Idus
237 639 329 709 Febr,
345 655 412 695 cum
433 638 491 695 iam
510 636 592 712 plura
612 636 724 694 audires
746 635 783 693 de
803 635 936 711 Pompeii
957 637 1093 707 consilio,

147 736 297 797 concludis
319 735 473 810 epistolam
495 735 640 811 quandam
665 732 722 792 hoc
747 734 853 792 modo:
876 738 950 810 ‘ego
971 735 1094 811 quidem

145 837 197 895 tibi
220 853 282 892 non
306 833 361 891 sim
385 842 494 902 auctor,
520 832 543 888 si
571 830 728 906 Pompeius
757 830 870 889 Italiam
897 832 1041 910 relinquit,
1063 844 1094 893 te

147 950 265 1009 quoque
283 930 456 1007 profugere3
478 946 594 987 summo
615 929 693 985 enim
714 928 842 1003 periculo
863 929 952 988 sacies
973 933 1094 990 neerei

147 1029 279 1106 publicae
298 1028 436 1103 proderis,
451 1026 497 1084 cui
511 1025 630 1101 quidem
648 1025 792 1100 posterius
811 1027 918 1101 poteris
939 1028 1093 1102 prodesse,

148 1127 172 1185 si
186 1125 344 1184 manseris!
387 1123 484 1196 Quem
501 1128 657 1196 φιλόπατριν
673 1141 708 1181 ac
726 1126 857 1179 πολιτικὸν
874 1123 1003 1184 hominis
1024 1145 1095 1203 pru-

149 1224 243 1282 dentis
259 1232 287 1281 et
301 1221 386 1280 amici
400 1221 447 1278 tali
462 1220 613 1278 admonitu
626 1237 688 1278 non
701 1229 829 1278 moveret
843 1222 1020 1281 auctoritas?
1063 1225 1094 1283 6.

150 1319 298 1393 Deinceps
315 1336 355 1376 ru.
370 1317 441 1376 Idus
455 1316 538 1375 Febr.
550 1317 653 1374 iterum
667 1315 737 1374 mihi
752 1318 913 1393 respondes
926 1321 1095 1380 consulenti

150 1417 210 1475 sic:
233 1415 332 1490 ‘quod
356 1415 468 1491 quaeris
490 1432 507 1471 a
531 1432 578 1471 me
603 1414 740 1489 fugamne
761 1418 780 1484 †
801 1415 891 1474 fidam
915 1435 954 1474 an
977 1435 1094 1478 moram

150 1512 280 1572 desidem
295 1513 436 1570 utiliorem
450 1520 559 1587 putem,
573 1529 629 1586 ego
644 1529 712 1568 vero
731 1512 761 1568 in
780 1515 942 1588 praesentia
964 1517 1095 1576 subitum

152 1611 312 1669 discessum
327 1620 354 1667 et
371 1610 559 1685 praecipitem
573 1609 782 1685 prosectionem
797 1629 865 1669 cum
879 1613 940 1678 tibi,
956 1623 1019 1672 turn
1038 1615 1097 1690 ipsi

151 1707 255 1769 Gnaeo
271 1707 400 1765 inutilem
419 1716 447 1764 et
466 1706 658 1782 periculosam
677 1719 756 1783 putu,
772 1718 800 1767 et
820 1710 910 1768 satius
931 1728 995 1770 esse
1017 1714 1096 1773 exis·

152 1807 223 1866 timo
252 1823 303 1864 vos
332 1805 496 1881 dispertitos
525 1815 553 1862 et
580 1805 611 1861 in
639 1805 764 1880 speculis
792 1823 872 1879 esse;
902 1809 955 1868 sed
978 1813 1096 1871 medius

152 1904 237 1962 fidius
252 1912 334 1979 turpe
349 1902 434 1960 nobis
448 1910 519 1976 puto
534 1919 598 1960 esse
613 1901 649 1960 de
664 1902 733 1977 suga
747 1904 891 1979 cogitare!
927 1905 997 1966 Hoc
1011 1919 1097 1986 turpe

153 1999 272 2060 Gnaeus
287 2008 384 2057 noster
398 1999 515 2056 biennio
530 2010 597 2056 ante
611 1999 761 2073 cogitavit;
777 2001 817 2058 ita
831 2003 970 2063 sullaturit
980 2007 1098 2067 animus

152 2097 214 2156 eius
229 2107 257 2154 et
272 2097 469 2172 proscripturit
482 2097 539 2153 iam
555 2097 612 2155 diu.
654 2096 737 2167 Inde,
752 2107 784 2155 ut
802 2101 914 2175 opinor,
929 2121 996 2161 cum
1011 2114 1044 2164 tu
1057 2106 1097 2166 ad

153 2213 200 2253 me
212 2195 355 2272 quaedam
368 2197 531 2268 γενικώτερον
542 2195 704 2268 scripsisses
719 2205 749 2253 et
763 2214 819 2271 ego
834 2197 904 2255 mihi
918 2210 977 2259 ate
993 2196 1097 2282 [quae-

153 2287 234 2372 dam]
257 2292 411 2368 significari
438 2303 595 2367 putassem,
617 2302 649 2349 ut
672 2291 755 2350 Italia
780 2293 921 2364 cederem,
944 2297 1097 2361 detestaris

153 2388 210 2447 hoc
225 2389 375 2464 diligenter
388 2409 425 2448 xr.
439 2389 476 2447 K.
489 2389 589 2448 Mart:
605 2395 679 2464 ‘ego
693 2407 762 2448 vero
776 2391 855 2449 nulla
869 2394 992 2469 epistola
1007 2399 1097 2475 signi·

153 2486 244 2556 ficavi,
259 2488 283 2545 si
302 2487 422 2546 Gnaeus
441 2487 523 2546 Italia
544 2488 667 2559 cederet,
681 2497 712 2546 ut
730 2498 762 2546 tu
778 2506 837 2546 una
856 2491 983 2565 cederes,
999 2508 1057 2568 aut,
1071 2498 1102 2554 si

153 2584 319 2659 significavi,
344 2602 406 2643 non
434 2584 500 2643 dico
529 2585 569 2642 sui
597 2585 773 2650 inconstans,
797 2586 849 2645 sed
877 2588 1018 2650 demens!
1060 2591 1097 2650 In

153 2682 257 2740 eadem
272 2682 394 2757 epistola
412 2682 469 2740 alio
487 2682 573 2740 loco:
589 2682 675 2739 ‘nihil
694 2683 862 2759 relinquitur
880 2686 937 2745 nisi
957 2689 1034 2763 iuga,
1050 2691 1097 2748 cui

153 2789 181 2836 te
205 2781 317 2837 socium
342 2779 509 2856 neutiquam
531 2789 603 2855 puto
628 2797 691 2838 esse
717 2791 849 2855 oportere
874 2801 931 2842 nec
954 2803 1096 2862 umquam

153 2876 267 2952 putavi?
310 2889 337 2951 7.
359 2877 467 2935 Totam
494 2888 591 2935 autem
618 2876 694 2936 hanc
722 2877 959 2938 deliberationem
988 2883 1096 2943 evolvis

154 2975 314 3032 accuratius
328 2975 358 3032 in
372 2975 470 3033 litteris
484 2993 543 3033 vnr.
559 2974 625 3032 Kal.
641 2975 727 3033 Mart.
739 2975 829 3033 datis:
845 2977 886 3034 ‘si
902 2976 954 3036 Μ’.
966 2978 1096 3055 Lepidus

153 3082 182 3130 et
210 3072 243 3130 L.
266 3073 416 3131 Volcatius
444 3081 602 3143 remanent,
631 3074 808 3132 manendum
835 3084 917 3149 putu,
941 3076 980 3135 ita
1007 3086 1048 3148 ut,
1071 3078 1098 3137 si

154 3169 248 3228 salvus
271 3171 306 3228 sit
331 3170 487 3246 Pompeius
514 3180 542 3230 et
569 3172 728 3230 constiterit
755 3172 867 3243 alicubi,
892 3172 969 3232 hanc
996 3179 1097 3232 νεκυίαν

154 3267 299 3343 relinquas
313 3277 341 3326 et
354 3278 383 3327 te
397 3270 427 3326 in
442 3268 597 3327 certamine
611 3269 686 3327 vinci
700 3288 768 3328 cum
781 3269 830 3328 illo
848 3269 959 3330 facilius
978 3274 1097 3348 patiaris

155 3382 244 3444 quam
264 3384 331 3426 cum
355 3366 412 3427 hoc
436 3367 466 3425 in
491 3385 534 3439 ea,
556 3385 630 3444 quae
655 3368 825 3445 perspicitur
849 3367 952 3441 futura,
974 3371 1097 3431 colluvie
