2392 3848
122 179 180 244 108
359 191 435 242 ‚M
462 191 582 241 rurrrr
602 190 793 241 croruoura
819 192 835 217 ·*
948 174 1055 265 [aaran

118 360 179 400 rem
203 340 299 400 redeo.
341 339 484 400 Meditare
504 341 641 401 adversus
665 340 787 400 Brutum
812 359 934 401 causam
958 343 1057 413 meam,

119 442 142 498 si
166 441 237 498 haec
261 450 421 510 causaest,
444 450 544 498 eontra
568 458 657 515 quam
681 440 750 497 nihil
774 440 900 498 honeste
925 438 984 499 dici
1011 457 1057 515 po·

117 545 180 606 test,
195 537 362 611 praesertim
379 554 446 594 cum
463 537 605 612 integram
624 555 685 595 rem
703 545 732 594 et
750 554 870 595 causam
889 537 1056 614 reliquerim.

119 650 164 703 14.
186 632 308 709 Reliqua
332 642 400 691 sunt
424 633 591 691 domestica.
632 633 679 691 De
707 635 837 709 ἐνδομύχῳ
856 634 955 709 probo
977 632 1056 704 idem,

116 729 196 804 quod
214 739 252 800 tu,
268 730 433 788 Postumiae
453 729 520 799 filio,
536 731 673 806 quoniam
693 729 827 787 Pontidia
845 740 990 805 nugatum
1012 729 1057 788 sed

115 826 218 884 vellem
246 827 371 886 adesses.
423 826 452 884 A
479 826 591 897 Quinto
620 826 705 884 fratre
732 826 777 885 his
807 827 960 885 mensibus
994 825 1057 885 nihil

116 924 308 1000 exspectaris3
339 941 408 980 nam
436 923 551 982 Taurus
579 934 698 999 propter
724 923 804 981 nives
831 933 901 981 ante
928 941 1056 981 mensem

116 1021 231 1078 lunium
256 1021 368 1079 transiri
392 1038 454 1078 non
480 1029 584 1096 potest.
627 1020 798 1089 Thermum,
820 1029 852 1078 ut
876 1037 976 1096 rogaS,
1002 1039 1056 1078 cre·

116 1119 247 1176 berrimis
268 1119 364 1175 litteris
386 1117 481 1175 fulcio.
523 1115 556 1174 P.
571 1117 720 1176 Valerium
740 1126 828 1192 negat
848 1117 958 1176 habere
981 1119 1056 1193 quio

116 1232 204 1289 quam
228 1215 381 1272 Deiotarus
408 1231 468 1284 rex,
493 1232 618 1290 eumque
640 1215 684 1277 ¹ait
712 1232 743 1272 se
771 1223 941 1273 sustentare.
985 1214 1056 1273 Cum

116 1313 199 1383 scies,
222 1311 336 1370 Romae
358 1311 556 1369 intercalatum
577 1313 613 1369 sit
634 1329 735 1381 necne,
756 1311 840 1368 velim
862 1311 969 1369 adme
992 1312 1056 1370 scri·

116 1410 168 1466 bas
189 1418 307 1478 certum,
328 1426 387 1483 quo
407 1408 452 1466 die
476 1409 611 1484 mysteria
632 1407 725 1465 futura
746 1407 810 1466 sint.
852 1406 976 1466 Litteras
997 1419 1056 1466 tuas

116 1507 211 1563 minus
235 1505 322 1581 paulo
347 1515 495 1582 exspecto,
520 1521 609 1581 quam
634 1505 658 1563 si
683 1504 798 1562 Romae
823 1521 914 1576 esses,
939 1505 994 1565 sed
1017 1515 1055 1565 ta·

116 1620 183 1661 men
197 1612 343 1679 exspecto

312 1783 359 1837 37.
401 1776 458 1836 AD
480 1775 730 1834 FAMILIARES
752 1776 792 1836 11.
818 1795 862 1852 13·

189 1889 254 1950 Seu.
277 1890 446 1950 Laoorcuau
460 1909 553 1949 uuusu
575 1889 658 1949 Maro
673 1909 800 1949 uuuuurn
815 1909 899 1951 auc.
923 1905 992 1967 704.

230 2016 261 2055 rr.
282 2014 384 2056 crcuno
405 2015 462 2054 rur.
483 2015 506 2056 s.
526 2015 554 2056 n.
575 2015 606 2055 u.
628 2015 732 2056 chuno
753 2015 852 2055 auom
872 2016 938 2057 cun.

159 2129 183 2168 1.
205 2109 306 2167 Rarus
320 2119 384 2168 tuas
403 2109 684 2184 quidem-fortasse
703 2111 781 2168 enim
798 2129 859 2169 non
878 2111 1057 2188 perferuntur

116 2242 165 2278 -,
180 2207 231 2266 sed
251 2225 352 2265 suaves
372 2208 482 2282 accipio
503 2207 617 2277 litteras,
633 2208 677 2265 vel
696 2227 769 2284 quas
789 2211 921 2285 proxime
939 2230 1057 2289 accepe-

116 2325 186 2375 ram,
208 2323 296 2380 quam
317 2305 489 2381 prudentesl
515 2324 603 2381 quam
624 2306 705 2364 multi
726 2317 755 2364 et
773 2307 860 2364 officii
881 2317 909 2366 et
929 2311 1056 2369 consiliii

117 2405 169 2462 etsi
188 2404 287 2460 omnia
309 2405 349 2461 sic
369 2405 573 2461 constitueram
595 2405 665 2461 mihi
684 2405 806 2479 agenda,
821 2417 852 2463 ut
870 2417 902 2464 tu
919 2408 1057 2468 admone·

117 2504 177 2571 bas,
204 2511 301 2558 tamen
326 2502 532 2559 confirmantur
556 2512 656 2560 nostra
680 2503 808 2573 consilia,
829 2521 895 2560 cum
921 2507 1058 2563 sentimus

117 2598 304 2676 prudentibus
319 2599 495 2676 fideliterque
509 2600 694 2658 suadentibus
714 2600 791 2657 idem
805 2601 901 2659 videri.
946 2621 972 2660 a.
993 2602 1058 2678 Ego

116 2699 318 2774 Appium-ut
337 2716 423 2772 saepe
443 2709 539 2756 tecum
557 2699 670 2756 locutus
689 2700 875 2757 sum—valde
893 2699 983 2775 diligo
999 2719 1058 2759 me·

117 2814 175 2871 que
203 2796 239 2853 ab
266 2811 304 2852 eo
331 2794 410 2869 diligi
438 2797 533 2854 statim
562 2806 697 2871 coeptum
725 2815 798 2867 esse,
825 2807 857 2855 ut
887 2799 1059 2857 simultatem

119 2894 314 2969 deposuimus
329 2893 422 2963 sensi3
444 2904 555 2952 namet
571 2894 746 2953 honorificus
768 2895 797 2952 in
819 2913 866 2952 me
889 2896 990 2953 consul
1009 2897 1059 2954 fuit

119 3000 148 3049 et
169 2992 263 3050 suavis
285 2991 395 3048 amicus
417 3001 445 3049 et
468 2993 613 3050 studiosus
632 2992 791 3050 studiorum
812 2993 898 3050 etiam
919 3011 1058 3052 meorum.

120 3088 190 3146 Mea
203 3107 271 3147 vero
286 3089 380 3146 officia
395 3090 421 3146 ei
435 3108 495 3147 non
511 3089 635 3148 defuisse
650 3101 680 3148 tu
695 3110 726 3149 es
741 3093 829 3162 testis,
845 3090 891 3148 cui
910 3091 968 3148 iam
985 3115 1059 3163 κωμι-

121 3191 163 3243 κὸς
180 3188 281 3260 μάρτυς,
296 3197 328 3244 ut
350 3188 461 3262 opinor,
477 3187 587 3246 accedit
608 3188 727 3259 Phania,
742 3199 770 3247 et
791 3187 955 3245 mehercule
975 3188 1060 3245 etiam

120 3284 209 3359 pluris
233 3302 300 3342 eum
325 3284 388 3353 feci,
414 3285 493 3360 quod
517 3295 545 3343 te
570 3287 659 3342 amari
684 3287 720 3343 ab
743 3304 779 3344 eo
801 3286 886 3343 sensi.
929 3284 993 3341 Iam
1014 3301 1060 3341 me

122 3381 253 3458 Pompeii
272 3391 365 3440 totum
385 3401 449 3441 esse
471 3385 542 3442 scis:
565 3383 686 3439 Rullum
706 3401 722 3440 a
741 3402 788 3441 me
807 3383 895 3440 amari
912 3381 1059 3458 intellegis.
