<?xml version="1.0" encoding="UTF-8"?>
<!DOCTYPE html PUBLIC "-//W3C//DTD XHTML 1.0 Transitional//EN"
    "http://www.w3.org/TR/xhtml1/DTD/xhtml1-transitional.dtd">
<html xmlns="http://www.w3.org/1999/xhtml" xml:lang="en" lang="en">
 <head>
  <title>
</title>
<meta http-equiv="Content-Type" content="text/html;charset=utf-8" />
  <meta name='ocr-system' content='tesseract 3.04.00' />
  <meta name='ocr-capabilities' content='ocr_page ocr_carea ocr_par ocr_line ocrx_word'/>
</head>
<body>
  <div class='ocr_page' id='page_1' title='image "./epistolaeselect00cicegoog/epistolaeselect00cicegoog_0290.png"; bbox 0 0 2392 3848; ppageno 0'>
   <div class='ocr_carea' id='block_1_1' title="bbox 183 190 1125 277">
    <p class='ocr_par' dir='ltr' id='par_1_1' title="bbox 183 190 1125 277">
     <span class='ocr_line' id='line_1_1' title="bbox 183 190 1125 277; baseline -0.001 -21"><span class='ocrx_word' id='word_1_1' title='bbox 183 205 246 272; x_wconf 85' lang='lat'><strong>274</strong></span> <span class='ocrx_word' id='word_1_2' title='bbox 452 204 491 254; x_wconf 83' lang='lat' dir='ltr'><strong>m.</strong></span> <span class='ocrx_word' id='word_1_3' title='bbox 517 205 637 254; x_wconf 81' lang='lat' dir='ltr'><strong>rurrrr</strong></span> <span class='ocrx_word' id='word_1_4' title='bbox 657 205 848 255; x_wconf 74' lang='lat' dir='ltr'><strong>omanorum</strong></span> <span class='ocrx_word' id='word_1_5' title='bbox 1014 190 1083 277; x_wconf 67' lang='lat' dir='ltr'><strong>[rm</strong></span> <span class='ocrx_word' id='word_1_6' title='bbox 1096 206 1125 255; x_wconf 90' lang='lat' dir='ltr'><strong>v.</strong></span> 
     </span>
    </p>
   </div>
   <div class='ocr_carea' id='block_1_2' title="bbox 180 354 1134 2965">
    <p class='ocr_par' dir='ltr' id='par_1_2' title="bbox 180 354 1134 2965">
     <span class='ocr_line' id='line_1_2' title="bbox 181 354 1127 432; baseline -0.001 -17"><span class='ocrx_word' id='word_1_7' title='bbox 181 356 235 415; x_wconf 92' lang='lat' dir='ltr'>sibi</span> <span class='ocrx_word' id='word_1_8' title='bbox 254 372 321 415; x_wconf 91' lang='lat' dir='ltr'><strong>cum</strong></span> <span class='ocrx_word' id='word_1_9' title='bbox 335 354 378 415; x_wconf 92' lang='lat' dir='ltr'><strong>M.</strong></span> <span class='ocrx_word' id='word_1_10' title='bbox 393 354 506 432; x_wconf 90' lang='lat' dir='ltr'><strong>Lepido</strong></span> <span class='ocrx_word' id='word_1_11' title='bbox 527 357 690 416; x_wconf 89' lang='lat' dir='ltr'><strong>convenire.</strong></span> <span class='ocrx_word' id='word_1_12' title='bbox 731 357 946 416; x_wconf 90' lang='lat' dir='ltr'><strong>Succlamatum</strong></span> <span class='ocrx_word' id='word_1_13' title='bbox 969 365 1013 414; x_wconf 91' lang='lat' dir='ltr'><strong>est</strong></span> <span class='ocrx_word' id='word_1_14' title='bbox 1033 357 1061 415; x_wconf 91' lang='lat' dir='ltr'><strong>ei</strong></span> <span class='ocrx_word' id='word_1_15' title='bbox 1074 356 1127 415; x_wconf 86' lang='lat' dir='ltr'><strong>fre·</strong></span> 
     </span>
     <span class='ocr_line' id='line_1_3' title="bbox 180 453 1126 530; baseline 0.001 -20"><span class='ocrx_word' id='word_1_16' title='bbox 180 463 302 529; x_wconf 89' lang='lat' dir='ltr'><strong>quenter</strong></span> <span class='ocrx_word' id='word_1_17' title='bbox 322 471 339 511; x_wconf 86' lang='lat' dir='ltr'><strong>a</strong></span> <span class='ocrx_word' id='word_1_18' title='bbox 360 453 497 512; x_wconf 85' lang='lat' dir='ltr'><strong>militibus</strong></span> <span class='ocrx_word' id='word_1_19' title='bbox 516 454 809 514; x_wconf 81' lang='lat' dir='ltr'><strong>Ventidianis-nam</strong></span> <span class='ocrx_word' id='word_1_20' title='bbox 836 471 907 513; x_wconf 92' lang='lat' dir='ltr'><strong>suos</strong></span> <span class='ocrx_word' id='word_1_21' title='bbox 930 454 1014 511; x_wconf 86' lang='lat' dir='ltr'><strong>valde</strong></span> <span class='ocrx_word' id='word_1_22' title='bbox 1039 471 1126 530; x_wconf 91' lang='lat' dir='ltr'><strong>quam</strong></span> 
     </span>
     <span class='ocr_line' id='line_1_4' title="bbox 181 549 1127 628; baseline -0.002 -20"><span class='ocrx_word' id='word_1_23' title='bbox 181 568 293 626; x_wconf 91' lang='lat' dir='ltr'><strong>paucos</strong></span> <span class='ocrx_word' id='word_1_24' title='bbox 315 549 452 622; x_wconf 89' lang='lat' dir='ltr'><strong>habet-,</strong></span> <span class='ocrx_word' id='word_1_25' title='bbox 474 551 528 608; x_wconf 91' lang='lat' dir='ltr'><strong>sibi</strong></span> <span class='ocrx_word' id='word_1_26' title='bbox 553 561 602 610; x_wconf 89' lang='lat' dir='ltr'><strong>aut</strong></span> <span class='ocrx_word' id='word_1_27' title='bbox 626 553 656 610; x_wconf 92' lang='lat' dir='ltr'><strong>in</strong></span> <span class='ocrx_word' id='word_1_28' title='bbox 675 553 758 611; x_wconf 90' lang='lat' dir='ltr'><strong>ltalia</strong></span> <span class='ocrx_word' id='word_1_29' title='bbox 781 552 963 628; x_wconf 88' lang='lat' dir='ltr'><strong>pereundum</strong></span> <span class='ocrx_word' id='word_1_30' title='bbox 988 568 1055 610; x_wconf 88' lang='lat' dir='ltr'><strong>esse</strong></span> <span class='ocrx_word' id='word_1_31' title='bbox 1080 562 1127 608; x_wconf 89' lang='lat' dir='ltr'><strong>aut</strong></span> 
     </span>
     <span class='ocr_line' id='line_1_5' title="bbox 181 636 1127 724; baseline 0.001 -21"><span class='ocrx_word' id='word_1_32' title='bbox 181 646 375 719; x_wconf 67' lang='lat' dir='ltr'><strong>vincendum</strong></span> <span class='ocrx_word' id='word_1_33' title='bbox 396 656 424 706; x_wconf 92' lang='lat' dir='ltr'><strong>et</strong></span> <span class='ocrx_word' id='word_1_34' title='bbox 445 664 528 704; x_wconf 88' lang='lat' dir='ltr'><strong>orare</strong></span> <span class='ocrx_word' id='word_1_35' title='bbox 550 658 716 724; x_wconf 90' lang='lat' dir='ltr'><strong>coeperunt,</strong></span> <span class='ocrx_word' id='word_1_36' title='bbox 731 658 763 706; x_wconf 92' lang='lat' dir='ltr'><strong>ut</strong></span> <span class='ocrx_word' id='word_1_37' title='bbox 784 636 957 706; x_wconf 86' lang='lat' dir='ltr'><strong>Pollentiam</strong></span> <span class='ocrx_word' id='word_1_38' title='bbox 977 648 1033 705; x_wconf 90' lang='lat' dir='ltr'><strong>iter</strong></span> <span class='ocrx_word' id='word_1_39' title='bbox 1053 646 1127 705; x_wconf 86' lang='lat' dir='ltr'><strong>face·</strong></span> 
     </span>
     <span class='ocr_line' id='line_1_6' title="bbox 181 742 1127 821; baseline 0 -20"><span class='ocrx_word' id='word_1_40' title='bbox 181 752 254 801; x_wconf 88' lang='lat' dir='ltr'><strong>rent.</strong></span> <span class='ocrx_word' id='word_1_41' title='bbox 296 742 372 801; x_wconf 92' lang='lat' dir='ltr'><strong>Cum</strong></span> <span class='ocrx_word' id='word_1_42' title='bbox 394 744 534 801; x_wconf 88' lang='lat' dir='ltr'><strong>sustinere</strong></span> <span class='ocrx_word' id='word_1_43' title='bbox 556 761 607 802; x_wconf 90' lang='lat' dir='ltr'><strong>eos</strong></span> <span class='ocrx_word' id='word_1_44' title='bbox 627 763 689 803; x_wconf 94' lang='lat' dir='ltr'><strong>non</strong></span> <span class='ocrx_word' id='word_1_45' title='bbox 710 755 818 820; x_wconf 90' lang='lat' dir='ltr'><strong>posset,</strong></span> <span class='ocrx_word' id='word_1_46' title='bbox 833 746 864 803; x_wconf 92' lang='lat' dir='ltr'><strong>in</strong></span> <span class='ocrx_word' id='word_1_47' title='bbox 878 755 1031 821; x_wconf 86' lang='lat' dir='ltr'><strong>posterum</strong></span> <span class='ocrx_word' id='word_1_48' title='bbox 1052 745 1127 803; x_wconf 90' lang='lat' dir='ltr'><strong>diem</strong></span> 
     </span>
     <span class='ocr_line' id='line_1_7' title="bbox 182 840 1127 919; baseline 0 -20"><span class='ocrx_word' id='word_1_49' title='bbox 182 840 235 899; x_wconf 89' lang='lat' dir='ltr'><strong>iter</strong></span> <span class='ocrx_word' id='word_1_50' title='bbox 249 858 334 898; x_wconf 92' lang='lat' dir='ltr'><strong>suum</strong></span> <span class='ocrx_word' id='word_1_51' title='bbox 349 841 478 900; x_wconf 89' lang='lat' dir='ltr'><strong>contulit.</strong></span> <span class='ocrx_word' id='word_1_52' title='bbox 520 859 549 912; x_wconf 86' lang='lat'><strong>4.</strong></span> <span class='ocrx_word' id='word_1_53' title='bbox 570 840 637 900; x_wconf 90' lang='lat' dir='ltr'><strong>Hac</strong></span> <span class='ocrx_word' id='word_1_54' title='bbox 651 861 682 899; x_wconf 90' lang='lat' dir='ltr'><strong>re</strong></span> <span class='ocrx_word' id='word_1_55' title='bbox 697 843 767 900; x_wconf 91' lang='lat' dir='ltr'><strong>mihi</strong></span> <span class='ocrx_word' id='word_1_56' title='bbox 781 842 913 900; x_wconf 86' lang='lat' dir='ltr'><strong>nuntiata</strong></span> <span class='ocrx_word' id='word_1_57' title='bbox 931 843 1031 901; x_wconf 90' lang='lat' dir='ltr'><strong>statim</strong></span> <span class='ocrx_word' id='word_1_58' title='bbox 1045 843 1127 919; x_wconf 89' lang='lat' dir='ltr'><strong>quin-</strong></span> 
     </span>
     <span class='ocr_line' id='line_1_8' title="bbox 181 938 1127 1016; baseline 0.002 -21"><span class='ocrx_word' id='word_1_59' title='bbox 181 957 239 1015; x_wconf 85' lang='lat' dir='ltr'><strong>que</strong></span> <span class='ocrx_word' id='word_1_60' title='bbox 259 939 393 996; x_wconf 85' lang='lat' dir='ltr'>cohortes</span> <span class='ocrx_word' id='word_1_61' title='bbox 408 938 580 996; x_wconf 83' lang='lat' dir='ltr'><strong>Pollentiam</strong></span> <span class='ocrx_word' id='word_1_62' title='bbox 599 940 735 1016; x_wconf 88' lang='lat' dir='ltr'><strong>praemisi</strong></span> <span class='ocrx_word' id='word_1_63' title='bbox 756 958 913 1016; x_wconf 89' lang='lat' dir='ltr'><strong>meumque</strong></span> <span class='ocrx_word' id='word_1_64' title='bbox 929 941 984 998; x_wconf 88' lang='lat' dir='ltr'><strong>iter</strong></span> <span class='ocrx_word' id='word_1_65' title='bbox 1001 958 1041 999; x_wconf 89' lang='lat' dir='ltr'><strong>eo</strong></span> <span class='ocrx_word' id='word_1_66' title='bbox 1059 958 1127 998; x_wconf 91' lang='lat' dir='ltr'><strong>con-</strong></span> 
     </span>
     <span class='ocr_line' id='line_1_9' title="bbox 182 1034 1127 1113; baseline -0.001 -20"><span class='ocrx_word' id='word_1_67' title='bbox 182 1035 250 1093; x_wconf 91' lang='lat' dir='ltr'><strong>tuli:</strong></span> <span class='ocrx_word' id='word_1_68' title='bbox 272 1034 345 1092; x_wconf 89' lang='lat' dir='ltr'><strong>hora</strong></span> <span class='ocrx_word' id='word_1_69' title='bbox 365 1044 431 1092; x_wconf 88' lang='lat' dir='ltr'><strong>ante</strong></span> <span class='ocrx_word' id='word_1_70' title='bbox 452 1036 628 1110; x_wconf 85' lang='lat' dir='ltr'><strong>praesidium</strong></span> <span class='ocrx_word' id='word_1_71' title='bbox 648 1054 747 1093; x_wconf 90' lang='lat' dir='ltr'><strong>meum</strong></span> <span class='ocrx_word' id='word_1_72' title='bbox 761 1035 931 1093; x_wconf 85' lang='lat' dir='ltr'><strong>Pollentiam</strong></span> <span class='ocrx_word' id='word_1_73' title='bbox 945 1036 1024 1094; x_wconf 91' lang='lat' dir='ltr'><strong>venit</strong></span> <span class='ocrx_word' id='word_1_74' title='bbox 1042 1053 1127 1113; x_wconf 85' lang='lat' dir='ltr'><strong>quam</strong></span> 
     </span>
     <span class='ocr_line' id='line_1_10' title="bbox 183 1132 1128 1211; baseline 0.001 -21"><span class='ocrx_word' id='word_1_75' title='bbox 183 1132 344 1190; x_wconf 87' lang='lat' dir='ltr'><strong>Trebellius</strong></span> <span class='ocrx_word' id='word_1_76' title='bbox 366 1150 433 1190; x_wconf 93' lang='lat' dir='ltr'><strong>cum</strong></span> <span class='ocrx_word' id='word_1_77' title='bbox 455 1133 607 1209; x_wconf 78' lang='lat' dir='ltr'><strong>equitibus</strong></span> <span class='ocrx_word' id='word_1_78' title='bbox 651 1133 728 1192; x_wconf 89' lang='lat' dir='ltr'><strong>Sane</strong></span> <span class='ocrx_word' id='word_1_79' title='bbox 749 1152 838 1210; x_wconf 90' lang='lat' dir='ltr'><strong>quam</strong></span> <span class='ocrx_word' id='word_1_80' title='bbox 858 1152 923 1192; x_wconf 93' lang='lat' dir='ltr'><strong>sum</strong></span> <span class='ocrx_word' id='word_1_81' title='bbox 943 1134 1080 1211; x_wconf 88' lang='lat' dir='ltr'><strong>gavisus;</strong></span> <span class='ocrx_word' id='word_1_82' title='bbox 1100 1134 1128 1191; x_wconf 89' lang='lat' dir='ltr'><strong>in</strong></span> 
     </span>
     <span class='ocr_line' id='line_1_11' title="bbox 183 1229 1128 1309; baseline 0.002 -21"><span class='ocrx_word' id='word_1_83' title='bbox 183 1230 240 1289; x_wconf 91' lang='lat' dir='ltr'><strong>hoc</strong></span> <span class='ocrx_word' id='word_1_84' title='bbox 261 1230 338 1288; x_wconf 89' lang='lat' dir='ltr'><strong>enim</strong></span> <span class='ocrx_word' id='word_1_85' title='bbox 355 1229 504 1288; x_wconf 89' lang='lat' dir='ltr'><strong>victoriam</strong></span> <span class='ocrx_word' id='word_1_86' title='bbox 525 1240 597 1306; x_wconf 93' lang='lat' dir='ltr'><strong>puto</strong></span> <span class='ocrx_word' id='word_1_87' title='bbox 618 1233 784 1290; x_wconf 87' lang='lat' dir='ltr'><strong>consistere.</strong></span> <span class='ocrx_word' id='word_1_88' title='bbox 825 1232 862 1290; x_wconf 90' lang='lat' dir='ltr'><strong>In</strong></span> <span class='ocrx_word' id='word_1_89' title='bbox 883 1250 968 1309; x_wconf 91' lang='lat' dir='ltr'><strong>spem</strong></span> <span class='ocrx_word' id='word_1_90' title='bbox 982 1241 1128 1303; x_wconf 84' lang='lat' dir='ltr'><strong>venerant,</strong></span> 
     </span>
     <span class='ocr_line' id='line_1_12' title="bbox 184 1327 1129 1408; baseline 0.006 -24"><span class='ocrx_word' id='word_1_91' title='bbox 184 1328 264 1402; x_wconf 92' lang='lat' dir='ltr'><strong>quod</strong></span> <span class='ocrx_word' id='word_1_92' title='bbox 277 1344 372 1403; x_wconf 91' lang='lat' dir='ltr'><strong>neque</strong></span> <span class='ocrx_word' id='word_1_93' title='bbox 387 1327 486 1386; x_wconf 86' lang='lat' dir='ltr'><strong>Planci</strong></span> <span class='ocrx_word' id='word_1_94' title='bbox 501 1338 635 1404; x_wconf 93' lang='lat' dir='ltr'><strong>quattuor</strong></span> <span class='ocrx_word' id='word_1_95' title='bbox 648 1329 779 1405; x_wconf 86' lang='lat' dir='ltr'><strong>legiones</strong></span> <span class='ocrx_word' id='word_1_96' title='bbox 798 1331 936 1388; x_wconf 92' lang='lat' dir='ltr'><strong>omnibus</strong></span> <span class='ocrx_word' id='word_1_97' title='bbox 956 1332 1018 1389; x_wconf 91' lang='lat' dir='ltr'><strong>suis</strong></span> <span class='ocrx_word' id='word_1_98' title='bbox 1039 1331 1129 1408; x_wconf 92' lang='lat' dir='ltr'><strong>copiis</strong></span> 
     </span>
     <span class='ocr_line' id='line_1_13' title="bbox 184 1424 1129 1501; baseline 0.007 -20"><span class='ocrx_word' id='word_1_99' title='bbox 184 1442 267 1500; x_wconf 91' lang='lat' dir='ltr'><strong>pares</strong></span> <span class='ocrx_word' id='word_1_100' title='bbox 281 1424 493 1482; x_wconf 85' lang='lat' dir='ltr'><strong>arbitrabantur</strong></span> <span class='ocrx_word' id='word_1_101' title='bbox 503 1443 598 1501; x_wconf 91' lang='lat' dir='ltr'><strong>neque</strong></span> <span class='ocrx_word' id='word_1_102' title='bbox 613 1444 649 1484; x_wconf 89' lang='lat' dir='ltr'><strong>ex</strong></span> <span class='ocrx_word' id='word_1_103' title='bbox 661 1426 744 1487; x_wconf 90' lang='lat' dir='ltr'><strong>Italia</strong></span> <span class='ocrx_word' id='word_1_104' title='bbox 757 1438 818 1486; x_wconf 92' lang='lat' dir='ltr'><strong>tam</strong></span> <span class='ocrx_word' id='word_1_105' title='bbox 832 1428 961 1486; x_wconf 89' lang='lat' dir='ltr'><strong>celeriter</strong></span> <span class='ocrx_word' id='word_1_106' title='bbox 971 1430 1129 1488; x_wconf 86' lang='lat' dir='ltr'><strong>exercitum</strong></span> 
     </span>
     <span class='ocr_line' id='line_1_14' title="bbox 184 1520 1130 1601; baseline 0.003 -21"><span class='ocrx_word' id='word_1_107' title='bbox 184 1521 273 1581; x_wconf 87' lang='lat' dir='ltr'><strong>traiici</strong></span> <span class='ocrx_word' id='word_1_108' title='bbox 287 1539 374 1596; x_wconf 92' lang='lat' dir='ltr'><strong>posse</strong></span> <span class='ocrx_word' id='word_1_109' title='bbox 389 1520 553 1579; x_wconf 90' lang='lat' dir='ltr'><strong>credebant.</strong></span> <span class='ocrx_word' id='word_1_110' title='bbox 597 1521 682 1593; x_wconf 91' lang='lat' dir='ltr'><strong>Quos</strong></span> <span class='ocrx_word' id='word_1_111' title='bbox 693 1523 748 1600; x_wconf 93' lang='lat' dir='ltr'><strong>ipsi</strong></span> <span class='ocrx_word' id='word_1_112' title='bbox 763 1524 857 1583; x_wconf 86' lang='lat' dir='ltr'><strong>adhuc</strong></span> <span class='ocrx_word' id='word_1_113' title='bbox 871 1526 939 1583; x_wconf 90' lang='lat' dir='ltr'><strong>satis</strong></span> <span class='ocrx_word' id='word_1_114' title='bbox 954 1524 1130 1601; x_wconf 83' lang='lat' dir='ltr'><strong>adroganter</strong></span> 
     </span>
     <span class='ocr_line' id='line_1_15' title="bbox 185 1618 1131 1698; baseline 0 -19"><span class='ocrx_word' id='word_1_115' title='bbox 185 1620 360 1695; x_wconf 75' lang='lat' dir='ltr'><strong>Allobroges</strong></span> <span class='ocrx_word' id='word_1_116' title='bbox 381 1618 584 1696; x_wconf 87' lang='lat' dir='ltr'><strong>equitatusque</strong></span> <span class='ocrx_word' id='word_1_117' title='bbox 605 1622 710 1692; x_wconf 90' lang='lat' dir='ltr'><strong>omnis,</strong></span> <span class='ocrx_word' id='word_1_118' title='bbox 726 1622 775 1698; x_wconf 94' lang='lat' dir='ltr'><strong>qui</strong></span> <span class='ocrx_word' id='word_1_119' title='bbox 791 1640 827 1681; x_wconf 93' lang='lat' dir='ltr'><strong>eo</strong></span> <span class='ocrx_word' id='word_1_120' title='bbox 842 1622 1018 1698; x_wconf 85' lang='lat' dir='ltr'><strong>praemissus</strong></span> <span class='ocrx_word' id='word_1_121' title='bbox 1040 1631 1131 1681; x_wconf 89' lang='lat' dir='ltr'><strong>erata</strong></span> 
     </span>
     <span class='ocr_line' id='line_1_16' title="bbox 185 1715 1130 1793; baseline 0.004 -18"><span class='ocrx_word' id='word_1_122' title='bbox 185 1718 278 1786; x_wconf 88' lang='lat' dir='ltr'><strong>nobis,</strong></span> <span class='ocrx_word' id='word_1_123' title='bbox 304 1715 493 1788; x_wconf 79' lang='lat' dir='ltr'><strong>sustinebant,</strong></span> <span class='ocrx_word' id='word_1_124' title='bbox 518 1726 678 1793; x_wconf 90' lang='lat' dir='ltr'><strong>nostroque</strong></span> <span class='ocrx_word' id='word_1_125' title='bbox 705 1719 832 1778; x_wconf 90' lang='lat' dir='ltr'><strong>adventu</strong></span> <span class='ocrx_word' id='word_1_126' title='bbox 860 1719 992 1778; x_wconf 88' lang='lat' dir='ltr'><strong>sustineri</strong></span> <span class='ocrx_word' id='word_1_127' title='bbox 1020 1719 1130 1779; x_wconf 79' lang='lat' dir='ltr'><strong>facilius</strong></span> 
     </span>
     <span class='ocr_line' id='line_1_17' title="bbox 185 1814 1131 1891; baseline 0.005 -19"><span class='ocrx_word' id='word_1_128' title='bbox 185 1833 273 1891; x_wconf 89' lang='lat' dir='ltr'><strong>posse</strong></span> <span class='ocrx_word' id='word_1_129' title='bbox 294 1814 474 1872; x_wconf 86' lang='lat' dir='ltr'><strong>confidimus.</strong></span> <span class='ocrx_word' id='word_1_130' title='bbox 516 1815 641 1884; x_wconf 90' lang='lat' dir='ltr'><strong>Tamen,</strong></span> <span class='ocrx_word' id='word_1_131' title='bbox 656 1815 680 1872; x_wconf 92' lang='lat' dir='ltr'><strong>si</strong></span> <span class='ocrx_word' id='word_1_132' title='bbox 694 1832 754 1890; x_wconf 92' lang='lat' dir='ltr'><strong>quo</strong></span> <span class='ocrx_word' id='word_1_133' title='bbox 774 1817 860 1875; x_wconf 91' lang='lat' dir='ltr'><strong>etiam</strong></span> <span class='ocrx_word' id='word_1_134' title='bbox 881 1835 952 1876; x_wconf 85' lang='lat' dir='ltr'><strong>casu</strong></span> <span class='ocrx_word' id='word_1_135' title='bbox 965 1816 1081 1876; x_wconf 87' lang='lat' dir='ltr'><strong>Isaram</strong></span> <span class='ocrx_word' id='word_1_136' title='bbox 1102 1835 1131 1877; x_wconf 85' lang='lat' dir='ltr'><strong>se</strong></span> 
     </span>
     <span class='ocr_line' id='line_1_18' title="bbox 186 1912 1130 1991; baseline 0.002 -20"><span class='ocrx_word' id='word_1_137' title='bbox 186 1913 355 1982; x_wconf 87' lang='lat' dir='ltr'><strong>traiecerint‚</strong></span> <span class='ocrx_word' id='word_1_138' title='bbox 370 1930 408 1969; x_wconf 94' lang='lat' dir='ltr'><strong>ne</strong></span> <span class='ocrx_word' id='word_1_139' title='bbox 425 1913 505 1987; x_wconf 91' lang='lat' dir='ltr'><strong>quod</strong></span> <span class='ocrx_word' id='word_1_140' title='bbox 526 1912 730 1970; x_wconf 88' lang='lat' dir='ltr'><strong>detrimentum</strong></span> <span class='ocrx_word' id='word_1_141' title='bbox 751 1915 792 1971; x_wconf 91' lang='lat' dir='ltr'><strong>rei</strong></span> <span class='ocrx_word' id='word_1_142' title='bbox 814 1913 947 1990; x_wconf 86' lang='lat' dir='ltr'><strong>publicae</strong></span> <span class='ocrx_word' id='word_1_143' title='bbox 968 1914 1130 1991; x_wconf 83' lang='lat' dir='ltr'><strong>iniungant,</strong></span> 
     </span>
     <span class='ocr_line' id='line_1_19' title="bbox 187 2010 1132 2087; baseline 0.003 -18"><span class='ocrx_word' id='word_1_144' title='bbox 187 2029 301 2069; x_wconf 90' lang='lat' dir='ltr'><strong>summa</strong></span> <span class='ocrx_word' id='word_1_145' title='bbox 315 2029 332 2068; x_wconf 87' lang='lat' dir='ltr'><strong>a</strong></span> <span class='ocrx_word' id='word_1_146' title='bbox 346 2010 431 2068; x_wconf 93' lang='lat' dir='ltr'><strong>nobis</strong></span> <span class='ocrx_word' id='word_1_147' title='bbox 447 2011 559 2068; x_wconf 88' lang='lat' dir='ltr'><strong>dabitur</strong></span> <span class='ocrx_word' id='word_1_148' title='bbox 573 2028 670 2085; x_wconf 91' lang='lat' dir='ltr'><strong>opera.</strong></span> <span class='ocrx_word' id='word_1_149' title='bbox 713 2025 740 2084; x_wconf 91' lang='lat'><strong>5.</strong></span> <span class='ocrx_word' id='word_1_150' title='bbox 761 2010 826 2068; x_wconf 95' lang='lat' dir='ltr'><strong>Vos</strong></span> <span class='ocrx_word' id='word_1_151' title='bbox 840 2030 981 2087; x_wconf 90' lang='lat' dir='ltr'><strong>magnum</strong></span> <span class='ocrx_word' id='word_1_152' title='bbox 1000 2014 1132 2071; x_wconf 89' lang='lat' dir='ltr'><strong>animum</strong></span> 
     </span>
     <span class='ocr_line' id='line_1_20' title="bbox 187 2107 1132 2184; baseline 0.004 -17"><span class='ocrx_word' id='word_1_153' title='bbox 187 2109 385 2184; x_wconf 89' lang='lat' dir='ltr'><strong>optimamque</strong></span> <span class='ocrx_word' id='word_1_154' title='bbox 408 2126 490 2183; x_wconf 89' lang='lat' dir='ltr'><strong>spem</strong></span> <span class='ocrx_word' id='word_1_155' title='bbox 510 2108 546 2165; x_wconf 90' lang='lat' dir='ltr'><strong>de</strong></span> <span class='ocrx_word' id='word_1_156' title='bbox 568 2125 681 2166; x_wconf 89' lang='lat' dir='ltr'><strong>summa</strong></span> <span class='ocrx_word' id='word_1_157' title='bbox 694 2126 725 2165; x_wconf 90' lang='lat' dir='ltr'><strong>re</strong></span> <span class='ocrx_word' id='word_1_158' title='bbox 739 2108 855 2184; x_wconf 90' lang='lat' dir='ltr'><strong>publica</strong></span> <span class='ocrx_word' id='word_1_159' title='bbox 868 2107 974 2168; x_wconf 87' lang='lat' dir='ltr'><strong>habere</strong></span> <span class='ocrx_word' id='word_1_160' title='bbox 989 2111 1132 2181; x_wconf 71' lang='lat' dir='ltr'><strong>volumus</strong></span> 
     </span>
     <span class='ocr_line' id='line_1_21' title="bbox 187 2205 1134 2281; baseline 0.002 -16"><span class='ocrx_word' id='word_1_161' title='bbox 187 2224 255 2266; x_wconf 90' lang='lat' dir='ltr'><strong>cum</strong></span> <span class='ocrx_word' id='word_1_162' title='bbox 286 2216 314 2263; x_wconf 93' lang='lat' dir='ltr'><strong>et</strong></span> <span class='ocrx_word' id='word_1_163' title='bbox 342 2224 397 2263; x_wconf 94' lang='lat' dir='ltr'><strong>nos</strong></span> <span class='ocrx_word' id='word_1_164' title='bbox 426 2216 453 2264; x_wconf 91' lang='lat' dir='ltr'><strong>et</strong></span> <span class='ocrx_word' id='word_1_165' title='bbox 481 2205 623 2263; x_wconf 88' lang='lat' dir='ltr'><strong>exercitus</strong></span> <span class='ocrx_word' id='word_1_166' title='bbox 658 2214 774 2264; x_wconf 93' lang='lat' dir='ltr'><strong>nostros</strong></span> <span class='ocrx_word' id='word_1_167' title='bbox 809 2205 945 2281; x_wconf 85' lang='lat' dir='ltr'><strong>singulari</strong></span> <span class='ocrx_word' id='word_1_168' title='bbox 974 2209 1134 2268; x_wconf 87' lang='lat' dir='ltr'><strong>concordia</strong></span> 
     </span>
     <span class='ocr_line' id='line_1_22' title="bbox 189 2303 1133 2379; baseline 0.003 -15"><span class='ocrx_word' id='word_1_169' title='bbox 189 2306 360 2364; x_wconf 89' lang='lat' dir='ltr'><strong>coniunctos</strong></span> <span class='ocrx_word' id='word_1_170' title='bbox 388 2304 425 2362; x_wconf 90' lang='lat' dir='ltr'><strong>ad</strong></span> <span class='ocrx_word' id='word_1_171' title='bbox 453 2305 552 2361; x_wconf 88' lang='lat' dir='ltr'><strong>omnia</strong></span> <span class='ocrx_word' id='word_1_172' title='bbox 576 2321 630 2378; x_wconf 94' lang='lat' dir='ltr'><strong>pro</strong></span> <span class='ocrx_word' id='word_1_173' title='bbox 653 2303 734 2362; x_wconf 89' lang='lat' dir='ltr'><strong>vobis</strong></span> <span class='ocrx_word' id='word_1_174' title='bbox 756 2304 877 2362; x_wconf 89' lang='lat' dir='ltr'><strong>videatis</strong></span> <span class='ocrx_word' id='word_1_175' title='bbox 903 2313 1031 2379; x_wconf 91' lang='lat' dir='ltr'><strong>paratos.</strong></span> <span class='ocrx_word' id='word_1_176' title='bbox 1076 2304 1133 2367; x_wconf 89' lang='lat' dir='ltr'><strong>Sed</strong></span> 
     </span>
     <span class='ocr_line' id='line_1_23' title="bbox 187 2400 1133 2481; baseline 0.001 -20"><span class='ocrx_word' id='word_1_177' title='bbox 187 2415 284 2461; x_wconf 87' lang='lat' dir='ltr'><strong>tamen</strong></span> <span class='ocrx_word' id='word_1_178' title='bbox 302 2401 371 2459; x_wconf 92' lang='lat' dir='ltr'><strong>nibil</strong></span> <span class='ocrx_word' id='word_1_179' title='bbox 389 2401 426 2459; x_wconf 92' lang='lat' dir='ltr'><strong>de</strong></span> <span class='ocrx_word' id='word_1_180' title='bbox 448 2400 594 2476; x_wconf 85' lang='lat' dir='ltr'><strong>diligentia</strong></span> <span class='ocrx_word' id='word_1_181' title='bbox 615 2400 757 2458; x_wconf 88' lang='lat' dir='ltr'><strong>remittere</strong></span> <span class='ocrx_word' id='word_1_182' title='bbox 777 2400 889 2459; x_wconf 89' lang='lat' dir='ltr'><strong>debetis</strong></span> <span class='ocrx_word' id='word_1_183' title='bbox 909 2401 1039 2477; x_wconf 89' lang='lat' dir='ltr'><strong>dareque</strong></span> <span class='ocrx_word' id='word_1_184' title='bbox 1062 2421 1133 2481; x_wconf 93' lang='lat' dir='ltr'><strong>ope·</strong></span> 
     </span>
     <span class='ocr_line' id='line_1_24' title="bbox 187 2497 1134 2574; baseline 0.002 -16"><span class='ocrx_word' id='word_1_185' title='bbox 187 2519 257 2569; x_wconf 87' lang='lat' dir='ltr'><strong>ram,</strong></span> <span class='ocrx_word' id='word_1_186' title='bbox 273 2511 303 2556; x_wconf 89' lang='lat' dir='ltr'><strong>ut</strong></span> <span class='ocrx_word' id='word_1_187' title='bbox 318 2516 406 2574; x_wconf 89' lang='lat' dir='ltr'><strong>quam</strong></span> <span class='ocrx_word' id='word_1_188' title='bbox 421 2498 593 2574; x_wconf 87' lang='lat' dir='ltr'><strong>paratissimi</strong></span> <span class='ocrx_word' id='word_1_189' title='bbox 608 2508 636 2554; x_wconf 92' lang='lat' dir='ltr'><strong>et</strong></span> <span class='ocrx_word' id='word_1_190' title='bbox 649 2499 687 2554; x_wconf 91' lang='lat' dir='ltr'><strong>ab</strong></span> <span class='ocrx_word' id='word_1_191' title='bbox 704 2498 831 2556; x_wconf 85' lang='lat' dir='ltr'><strong>exercitu</strong></span> <span class='ocrx_word' id='word_1_192' title='bbox 850 2497 1025 2574; x_wconf 89' lang='lat' dir='ltr'><strong>reliquisque</strong></span> <span class='ocrx_word' id='word_1_193' title='bbox 1047 2502 1134 2559; x_wconf 87' lang='lat' dir='ltr'><strong>rebus</strong></span> 
     </span>
     <span class='ocr_line' id='line_1_25' title="bbox 186 2593 1131 2673; baseline 0.004 -20"><span class='ocrx_word' id='word_1_194' title='bbox 186 2615 240 2673; x_wconf 86' lang='lat' dir='ltr'><strong>pro</strong></span> <span class='ocrx_word' id='word_1_195' title='bbox 259 2609 353 2654; x_wconf 89' lang='lat' dir='ltr'><strong>vestra</strong></span> <span class='ocrx_word' id='word_1_196' title='bbox 375 2596 465 2653; x_wconf 90' lang='lat' dir='ltr'><strong>salute</strong></span> <span class='ocrx_word' id='word_1_197' title='bbox 487 2603 588 2653; x_wconf 89' lang='lat' dir='ltr'><strong>contra</strong></span> <span class='ocrx_word' id='word_1_198' title='bbox 609 2593 860 2652; x_wconf 89' lang='lat' dir='ltr'><strong>sceleratissimam</strong></span> <span class='ocrx_word' id='word_1_199' title='bbox 882 2597 1131 2672; x_wconf 87' lang='lat' dir='ltr'><strong>conspirationem</strong></span> 
     </span>
     <span class='ocr_line' id='line_1_26' title="bbox 186 2691 1132 2771; baseline 0.002 -20"><span class='ocrx_word' id='word_1_200' title='bbox 186 2695 312 2752; x_wconf 87' lang='lat' dir='ltr'><strong>hostium</strong></span> <span class='ocrx_word' id='word_1_201' title='bbox 338 2693 549 2768; x_wconf 86' lang='lat' dir='ltr'><strong>confligamus;</strong></span> <span class='ocrx_word' id='word_1_202' title='bbox 572 2691 760 2766; x_wconf 90' lang='lat' dir='ltr'><strong>quiquidem</strong></span> <span class='ocrx_word' id='word_1_203' title='bbox 782 2710 832 2750; x_wconf 89' lang='lat' dir='ltr'><strong>eas</strong></span> <span class='ocrx_word' id='word_1_204' title='bbox 855 2694 965 2769; x_wconf 90' lang='lat' dir='ltr'><strong>copias,</strong></span> <span class='ocrx_word' id='word_1_205' title='bbox 988 2712 1064 2771; x_wconf 87' lang='lat' dir='ltr'><strong>quas</strong></span> <span class='ocrx_word' id='word_1_206' title='bbox 1084 2696 1132 2755; x_wconf 93' lang='lat' dir='ltr'><strong>diu</strong></span> 
     </span>
     <span class='ocr_line' id='line_1_27' title="bbox 188 2790 1131 2869; baseline 0.001 -19"><span class='ocrx_word' id='word_1_207' title='bbox 188 2793 368 2850; x_wconf 90' lang='lat' dir='ltr'><strong>simulatione</strong></span> <span class='ocrx_word' id='word_1_208' title='bbox 392 2793 432 2849; x_wconf 91' lang='lat' dir='ltr'><strong>rei</strong></span> <span class='ocrx_word' id='word_1_209' title='bbox 456 2793 588 2867; x_wconf 90' lang='lat' dir='ltr'><strong>publicae</strong></span> <span class='ocrx_word' id='word_1_210' title='bbox 609 2791 827 2867; x_wconf 89' lang='lat' dir='ltr'><strong>comparabant,</strong></span> <span class='ocrx_word' id='word_1_211' title='bbox 846 2790 942 2850; x_wconf 90' lang='lat' dir='ltr'><strong>subito</strong></span> <span class='ocrx_word' id='word_1_212' title='bbox 963 2792 1002 2851; x_wconf 88' lang='lat' dir='ltr'><strong>ad</strong></span> <span class='ocrx_word' id='word_1_213' title='bbox 1022 2793 1131 2869; x_wconf 88' lang='lat' dir='ltr'><strong>patriae</strong></span> 
     </span>
     <span class='ocr_line' id='line_1_28' title="bbox 187 2891 568 2965; baseline 0 -18"><span class='ocrx_word' id='word_1_214' title='bbox 187 2891 345 2965; x_wconf 89' lang='lat' dir='ltr'><strong>periculum</strong></span> <span class='ocrx_word' id='word_1_215' title='bbox 360 2898 568 2949; x_wconf 87' lang='lat' dir='ltr'><strong>converterunt.</strong></span> 
     </span>
    </p>
   </div>
   <div class='ocr_carea' id='block_1_3' title="bbox 0 0 1213 3848">
    <p class='ocr_par' dir='ltr' id='par_1_3' title="bbox 0 0 1213 3848">
     <span class='ocr_line' id='line_1_29' title="bbox 0 0 1213 3848; baseline 0 0"><span class='ocrx_word' id='word_1_216' title='bbox 0 0 1213 3848; x_wconf 95' lang='lat' dir='ltr'><strong> </strong></span> 
     </span>
    </p>
   </div>
  </div>
 </body>
</html>
