2392 3848
119 232 168 297 sp.
184 219 242 306 aa]
349 232 462 282 aaran
484 232 533 280 An
554 228 777 282 rauranum
797 234 821 281 r.
845 240 875 306 9.
1025 219 1066 304 85

120 381 229 457 qubus
249 382 336 442 rebus
359 383 501 441 adductus
521 401 668 459 quamque
689 400 751 440 rem
770 401 947 459 causamque
967 381 1066 441 desen·

121 479 225 550 derim,
234 479 341 557 quique
353 498 436 538 meus
450 480 480 537 in
494 482 525 538 re'
539 479 657 555 publica
671 479 706 537 sit
721 497 774 554 pro
790 498 855 538 mea
868 489 949 555 parte
965 498 1067 555 capes-

122 576 216 635 aenda
238 586 344 648 status;
367 577 403 635 de
426 595 485 651 quo
506 577 547 635 sic
568 577 653 633 velim
675 586 792 646 statuas,
806 595 854 634 me
874 577 946 635 haec
964 578 1066 635 eadem

122 690 278 732 sensurum
297 673 395 745 fuisse,
410 675 434 732 si
452 674 524 731 mihi
538 675 650 748 integra
664 674 763 731 omnia
778 692 812 730 ac
827 674 915 730 libera
929 674 1065 731 luissent:

122 788 194 828 narn
221 789 317 848 neque
345 772 536 847 pugnandum
564 771 715 828 arbitrarer
742 780 843 828 contra
871 779 966 828 tantas
993 788 1066 845 opes

121 886 220 944 neque
248 869 413 935 delendum,
438 870 525 926 etiam
553 868 578 926 si
605 869 635 926 id
664 867 724 924 fieri
752 876 860 942 posset,
887 885 1067 925 summorum

122 966 230 1025 civium
250 967 444 1042 principatum
467 984 521 1024 nec
541 964 771 1042 permanendum
793 965 823 1022 in
844 983 903 1022 una
924 966 1067 1022 sententia

121 1066 271 1124 conversis
299 1066 385 1124 rebus
414 1083 448 1123 ac
475 1067 621 1122 bonomm
645 1063 841 1122 voluntatibus
864 1062 988 1133 mutatis
1015 1062 1067 1121 scd

121 1163 304 1238 temporibus
332 1163 562 1225 adsentiendum.
611 1161 780 1237 Numquam
808 1162 887 1219 enirn
920 1164 950 1219 in
984 1181 1067 1237 prac-

122 1261 267 1319 stantibus
277 1261 306 1318 in
321 1279 352 1318 re
366 1261 482 1337 publica
496 1259 686 1335 gubernanda
699 1260 765 1318 viris
778 1258 894 1317 laudata
908 1269 951 1317 est
965 1260 994 1316 in
1008 1277 1068 1317 una

122 1359 268 1416 sententia
285 1368 424 1434 perpetua
444 1359 620 1434 permansio,
636 1358 696 1430 sed,
710 1368 743 1416 ut
762 1359 792 1414 in
813 1357 978 1431 navigando
993 1367 1066 1415 tem-

121 1455 229 1532 pestati
253 1457 375 1535 obsequi
400 1457 469 1514 artis
492 1466 544 1526 est,
569 1455 656 1514 etiam
682 1455 705 1514 si
734 1465 851 1532 portum
879 1464 977 1513 tenere
1005 1473 1066 1513 non

121 1570 225 1629 queas,
246 1571 313 1611 curn
337 1552 457 1612 veroid
478 1554 574 1629 possis
595 1563 706 1611 mutata
726 1553 916 1611 velificatione
937 1552 1066 1630 adsequi,

121 1650 244 1710 stultum
271 1661 314 1711 est
341 1670 409 1709 eurn
437 1661 534 1709 tenere
562 1670 629 1710 cum
661 1651 790 1727 periculo
824 1669 948 1721 cursum,
977 1668 1066 1726 quem

122 1750 246 1825 ceperis,
260 1749 357 1825 potius
374 1767 464 1826 quarn
482 1766 518 1807 eo
537 1758 716 1807 commutato
734 1767 793 1825 quo
808 1748 877 1805 velis
892 1758 989 1806 tamen
1002 1766 1067 1823 per-

122 1848 230 1919 venire,
240 1847 289 1918 sic,
298 1864 365 1904 curn
376 1846 512 1910 omnibus
522 1846 608 1904 nobis
623 1847 652 1903 in
667 1845 893 1904 administranda
907 1863 937 1902 re
952 1845 1067 1921 publica

123 1947 308 2023 propositum
322 1962 386 2003 esse
401 1944 504 2007 debeat
518 1944 556 2014 id,
572 1944 651 2020 quod
669 1964 686 2003 a
702 1962 750 2001 me
770 1944 939 2019 saepissime
959 1942 1068 2002 dictum

122 2062 177 2123 est,
198 2068 265 2113 cum
288 2051 426 2126 dignitate
447 2051 546 2121 otium,
568 2068 630 2108 non
652 2050 729 2108 idem
752 2068 866 2124 semper
888 2049 992 2118 dicere,
1015 2049 1068 2107 sed

121 2150 204 2210 idem
218 2167 334 2225 semper
349 2158 480 2224 spectare
494 2149 643 2211 debemus
687 2146 786 2217 Quam
801 2149 840 2204 ob
855 2166 925 2218 rem,
934 2157 966 2205 ut
980 2147 1067 2223 paulo

122 2247 301 2323 anteposui,
317 2246 340 2304 si
355 2257 452 2305 essent
466 2246 566 2308 omnia
582 2245 652 2303 mihi
673 2245 856 2316 solutissima,
872 2256 969 2303 tamen
987 2247 1016 2302 in
1037 2266 1068 2304 re

121 2344 242 2423 publica
261 2362 322 2402 non
343 2343 415 2405 alius
436 2361 531 2406 essem
552 2353 638 2419 atque
659 2362 736 2401 nunc
758 2361 839 2401 sum:
862 2361 929 2400 curn
948 2360 1016 2401 vero
1038 2344 1068 2400 in

121 2442 204 2501 hunc
218 2459 337 2501 sensum
351 2451 379 2499 et
393 2440 509 2500 adliciar
522 2440 669 2499 beneficiis
688 2440 841 2497 hominurn
860 2451 888 2498 et
910 2441 1068 2516 compellar

122 2540 243 2609 iniuriis,
257 2538 340 2598 facile
354 2539 448 2615 patior
462 2557 497 2597 ea
510 2557 558 2596 me
573 2539 610 2596 de
624 2558 654 2597 re
669 2538 783 2615 publica
799 2538 903 2595 sentire
918 2557 951 2595 ac
972 2540 1067 2597 dicere

122 2655 200 2715 quae
219 2637 345 2694 maxime
360 2655 426 2694 curn
441 2635 512 2693 mihi
526 2645 588 2693 turn
603 2636 690 2692 etiam
705 2636 745 2692 rei
760 2635 892 2709 publicae
908 2636 1068 2694 rationibus

121 2746 225 2814 putem
245 2736 415 2794 conducere.
458 2735 594 2811 Apertius
616 2745 712 2791 autem
731 2734 803 2791 haec
824 2753 881 2808 ago
896 2753 930 2791 ac
946 2735 1068 2809 saepius,

122 2829 206 2906 quod
233 2838 263 2886 et
290 2827 427 2898 Quintus,
453 2827 538 2886 frater
563 2845 654 2896 meus
681 2827 791 2901 legatus
816 2836 859 2883 est
885 2825 1016 2884 Caesaris
1041 2838 1070 2885 et

122 2926 236 2987 nullum
256 2943 356 2983 meum
377 2926 529 2982 minimum
552 2925 669 2994 dictum,
689 2943 749 2982 non
770 2925 861 2981 modo
883 2924 999 2994 facturn,
1014 2942 1069 3000 pro

123 3024 251 3089 Caesare
272 3023 440 3093 intercessit,
462 3021 542 3096 quod
564 3021 610 3079 ille
631 3039 692 3079 non
717 3022 756 3079 ita
780 3021 878 3078 illustri
903 3021 995 3095 gratia
1019 3040 1070 3078 ex·

124 3121 243 3199 ceperit,
265 3130 298 3178 ut
320 3137 376 3195 ego
400 3138 468 3177 eum
493 3119 563 3176 mihi
588 3119 752 3176 devinctum
780 3130 920 3194 putarem.
967 3117 1070 3194 Itaque

123 3222 188 3279 eius
202 3218 283 3278 omni
312 3228 340 3276 et
366 3218 466 3294 gratia,
492 3235 567 3292 quae
595 3235 709 3274 summa
732 3225 783 3285 est,
807 3225 835 3273 et
858 3216 971 3291 opibus,
997 3235 1070 3291 quas

126 3317 269 3393 intellegis
283 3333 347 3374 esse
360 3316 511 3386 maximas,
528 3315 568 3372 sic
583 3313 662 3372 fruor
675 3325 705 3371 ut
720 3315 810 3384 meis;
833 3332 887 3371 nec
908 3314 977 3372 mihi
991 3316 1071 3373 aliter

127 3414 258 3495 potuisse
290 3413 389 3472 videor
420 3411 571 3469 hominurn
604 3411 783 3488 perditorum
811 3410 847 3470 de
874 3429 922 3470 me
951 3412 1071 3472 consilia
