2392 3848
116 157 157 220 80
385 169 424 222 nt.
449 169 571 218 runnu
591 171 780 219 cronacum
942 157 1015 241 [Pars
1029 169 1060 220 11.

118 318 187 376 illud
211 319 329 395 quidem
353 328 430 378 certe
456 329 586 378 nostrum
611 319 765 378 consilium
789 320 851 379 iure
879 319 1060 378 laudandum

118 426 169 486 est,
197 417 246 492 qui
276 434 358 475 meos
385 417 461 475 cives
489 427 518 475 et
542 435 559 474 a
586 436 634 474 me
658 429 845 475 conservatos
872 427 901 476 et
924 435 975 474 me
1005 435 1061 474 ser·

118 531 184 570 vare
212 513 370 589 cupienteS,
396 514 536 589 spoliatos
564 515 685 572 ducibus
713 516 801 573 servis
830 515 949 573 armatis
976 513 1061 572 obiici

117 611 259 669 noluerim
273 611 466 687 declararique
481 612 639 681 maluerim,
654 613 819 687 quantavis
834 630 898 671 esse
917 612 1061 688 potuisset

118 707 147 763 in
162 725 306 764 consensu
320 709 474 777 bonorum,
490 708 514 766 si
533 709 567 766 iis
586 725 640 783 pro
659 727 707 766 me
728 718 821 767 stante
839 726 973 785 pugnare
992 708 1060 766 licu-

118 806 195 874 isset,
210 823 277 862 cum
292 805 439 863 adflictum
453 806 577 863 excitare
596 806 758 881 potuissent
767 825 775 878 3
798 824 923 883 quorum
940 805 1059 881 quidem

118 902 247 959 animum
262 911 293 959 tu
307 919 368 960 non
382 903 551 978 perspexisti
566 903 666 974 solum,
683 921 750 961 cum
765 904 802 963 de
818 922 866 961 me
880 921 995 979 ageres,
1009 902 1060 961 sed

119 1002 205 1059 etiam
231 1002 407 1059 confirmasti
429 1013 515 1076 atque
542 1002 665 1059 tenuisti.
712 1021 756 1074 14.
779 1002 848 1075 Qua
874 1003 905 1060 in
929 1021 1061 1061 causa—

118 1118 179 1158 non
192 1101 283 1159 modo
297 1119 357 1158 non
372 1100 495 1176 negab0,
512 1101 563 1159 sed
577 1102 664 1159 etiam
678 1120 794 1179 semper
807 1112 836 1161 et
854 1104 1018 1162 meminero
1031 1113 1060 1162 et

118 1197 293 1272 praedicabo
307 1197 538 1256 libenter-usus
557 1216 587 1256 es
607 1199 781 1273 quibusdam
799 1200 988 1258 nobilissimis
1006 1200 1060 1259 ho·

118 1293 245 1350 minibus
264 1293 428 1353 fortioribus
441 1295 471 1352 in
485 1313 533 1353 me
547 1277 731 1365 restituenda
746 1315 835 1373 quam
853 1297 967 1355 fuerant
980 1297 1060 1355 idem

117 1391 148 1446 in
163 1391 310 1462 tenendo;
332 1410 389 1466 qua
408 1393 438 1450 in
452 1393 594 1451 sententia
608 1393 631 1451 si
646 1404 778 1453 constare
793 1394 960 1465 voluissent,
974 1412 1061 1452 suam

117 1487 316 1545 auctoritatem
337 1489 422 1547 simul
442 1507 510 1548 cum
530 1490 622 1547 salute
642 1508 709 1548 mea
729 1501 958 1567 recuperassent
1000 1491 1059 1550 Re-

119 1586 221 1645 creatis
243 1587 320 1645 enim
341 1589 428 1646 bonis
448 1588 514 1646 viris
534 1588 685 1647 consulatu
704 1599 754 1651 tuo
769 1599 798 1647 et
818 1592 1059 1651 constantissimis

118 1694 204 1761 atque
219 1686 336 1761 optimis
350 1686 511 1743 actionibus
525 1686 581 1744 tuis
595 1686 731 1756 excitatis
747 1685 803 1747 Cn.
818 1687 961 1764 Pompeio
975 1708 1059 1765 prae·

118 1784 215 1841 sertim
243 1784 281 1841 ad
309 1803 427 1842 causam
455 1784 598 1854 adiunct0‚
627 1802 695 1842 cum
721 1785 808 1842 etiam
836 1786 945 1845 Caesar
972 1790 1064 1846 rebus-

117 1881 251 1938 maximis
266 1881 355 1956 gestis
370 1882 560 1957 singularibus
574 1891 692 1939 ornatus
707 1892 735 1940 et
752 1883 835 1941 novis
848 1882 1013 1944 honoribus
1025 1900 1065 1944 ac·

118 1976 230 2035 iudiciis
245 1988 362 2036 senatus
377 1979 414 2036 ad
428 1979 628 2036 auctoritatem
647 1980 708 2036 eius
722 1979 831 2038 ordinis
845 1981 1058 2056 adiungeretur,

117 2074 186 2131 nulli
200 2075 334 2150 improbo
349 2075 403 2133 civi
420 2075 502 2133 locus
516 2075 553 2133 ad
570 2095 631 2133 rem
650 2077 797 2151 publicam
813 2077 980 2137 violandam
994 2099 1060 2139 esse

117 2172 266 2247 potuisset.
312 2187 357 2245 15.
381 2172 439 2231 Sed
466 2174 590 2243 attende,
620 2193 738 2249 quaese,
767 2193 841 2250 quae
869 2161 929 2232 sint
955 2193 1060 2236 conse·

117 2277 200 2327 cuta:
221 2269 347 2346 primum
369 2270 416 2327 illa
436 2270 509 2327 suria
529 2270 708 2329 muliebrium
730 2273 911 2347 religionum,
929 2276 1059 2349 quinon

117 2366 204 2441 pluris
224 2366 330 2426 fecerat
350 2368 464 2426 Bonam
479 2367 564 2426 deam
583 2386 672 2443 quam
691 2379 748 2428 tres
764 2388 887 2439 sorores,
902 2371 1059 2448 impunita·

117 2477 174 2522 tem
190 2475 233 2522 est
248 2464 361 2521 illorum
381 2465 529 2523 sententiis
544 2466 705 2535 adsecutus,
720 2467 777 2542 qui,
793 2485 860 2524 cum
873 2468 1007 2528 tribunus
1020 2471 1058 2546 pl.

116 2579 227 2637 poenas
242 2579 260 2618 a
275 2561 413 2620 seditioso
436 2563 489 2620 civi
510 2563 676 2637 perbonos
698 2565 774 2622 viros
796 2565 903 2623 iudicio
922 2570 1065 2644 persequi

116 2659 206 2729 vellet,
223 2658 389 2733 exemplum
410 2659 668 2734 praeclarissimum
690 2663 720 2718 in
741 2672 891 2738 posterum
911 2665 1059 2723 vindican-

117 2757 170 2814 dae
186 2757 335 2814 seditionis
354 2755 391 2814 de
410 2775 440 2814 re
459 2756 575 2832 publica
594 2757 784 2829 sustulerunt,
806 2758 942 2835 idemque
956 2773 1060 2836 postea

116 2874 175 2913 non
204 2872 302 2911 meum
329 2864 675 2911 monumentum—non
702 2856 781 2912 enim
809 2856 873 2914 illae
904 2860 1060 2920 manubiae

117 2971 208 3022 meae,
238 2952 289 3010 sed
317 2951 414 3026 operis
442 2950 548 3008 locatio
576 2968 642 3009 mea
670 2950 811 3023 fuerat-,
836 2967 1060 3016 monumentum

117 3067 184 3108 vero
207 3059 323 3108 senatus
347 3046 444 3106 hostili
467 3047 587 3105 nomine
610 3057 639 3104 et
662 3049 788 3106 cruentis
812 3051 940 3109 inustum
961 3053 1061 3115 litteris

117 3164 181 3204 esse
206 3147 282 3221 passi
312 3153 386 3203 sunt.
429 3143 489 3216 Qui
515 3160 563 3199 me
590 3141 724 3200 homines
752 3146 833 3220 quod
855 3148 967 3206 salvum
994 3170 1060 3210 esse

118 3246 277 3316 voluemnt‚
293 3254 337 3302 est
358 3241 429 3300 mihi
449 3241 662 3318 gratissimum
685 3240 737 3297 sed
758 3243 859 3300 vellem
881 3264 943 3304 non
965 3249 1060 3308 solum

118 3343 215 3403 salutis
237 3360 329 3413 meae,
356 3358 444 3417 quem
468 3338 649 3398 admodum
670 3337 784 3409 medici,
806 3341 864 3411 sed,
888 3353 920 3401 ut
945 3345 1059 3421 aliptae,
