2392 3848
161 217 183 278 4
413 212 479 262 :m
503 212 622 263 romu
642 215 830 265 mcunoms
996 204 1067 287 [Pars
1081 219 1104 266 r.

161 369 301 441 nostrum,
324 368 477 429 defendere
499 358 679 448 cogitamus3
715 373 825 432 iudices
849 373 999 446 habemus,
1027 393 1107 450 quos

161 466 312 537 voluimus
352 486 466 526 summa
505 471 679 530 accusatoris
718 473 875 532 voluntate.
935 471 1036 548 Spem,
1080 476 1107 532 si

160 565 308 623 absolutus
325 566 385 636 erit,
407 566 637 626 coniunctiorem
656 569 736 626 illum
757 570 841 628 nobis
858 570 920 628 fore
940 571 971 627 in
992 571 1107 630 ratione

160 663 323 737 petitionis;
347 664 392 721 sin
403 664 482 722 aliter
493 666 636 736 acciderit,
647 665 810 725 humaniter
822 666 954 727 feremus.
993 688 1017 726 2.
1035 668 1108 726 Tuo

161 759 286 817 adventu
313 761 399 819 nobis
427 780 501 837 opus
529 773 572 821 est
599 772 732 835 matur0;
762 782 831 823 nam
846 783 964 840 prorsus
989 783 1108 823 summa

159 857 312 915 hominum
334 868 378 916 est
405 860 505 934 opinio
534 871 600 920 tuos
628 862 790 933 familiares,
819 863 932 921 nobiles
960 863 1107 934 homines,

160 955 339 1015 adversarios
366 955 471 1015 honori
499 969 600 1017 nostro
622 960 700 1019 fore:
736 961 773 1031 ad
798 980 900 1019 eorum
925 963 1108 1021 voluntatem

159 1051 229 1109 mihi
243 1053 455 1112 conciliandam
469 1058 598 1115 maximo
612 1066 640 1115 te
654 1057 724 1114 mihi
735 1059 799 1116 usui
818 1058 880 1116 fore
899 1058 992 1117 video
1036 1058 1109 1131 Qua

159 1167 189 1207 re
204 1149 340 1209 ianuario
354 1158 463 1223 m'ense,
478 1163 510 1211 ut
521 1155 705 1257 constituisti,
720 1174 789 1214 cura
802 1165 834 1214 ut
849 1156 964 1214 Romae
980 1156 1028 1216 sis,
1084 1157 1086 1161 ’

374 1336 400 1392 3.
441 1334 499 1392 AD
521 1333 772 1394 FAMILIARES
794 1336 830 1396 V.
855 1341 881 1398 7.

428 1447 495 1506 Son.
517 1449 747 1509 Roununffluc
771 1453 839 1526 692.
857 1379 929 1490 ῳ

254 1571 286 1612 Μ.
300 1571 424 1614 TULLIUS
438 1572 468 1612 Μ
484 1573 510 1612 F.
526 1574 664 1616 CICEROS·
680 1575 707 1614 D.
723 1576 767 1615 CN
782 1575 906 1617 POMPEIO
920 1576 964 1618 CN
979 1575 1006 1617 F.

478 1654 579 1695 MAGNO
593 1656 780 1697 IMPERATORI.

204 1757 228 1797 1.
254 1738 282 1798 S.
306 1740 344 1799 T.
364 1739 398 1797 E.
421 1739 457 1812 Q.
480 1740 517 1799 V.
540 1740 573 1800 B.
595 1741 629 1800 E.
664 1741 710 1800 Ex
721 1743 818 1801 litteris
830 1744 895 1815 tuis,
905 1762 976 1820 quas
988 1743 1107 1820 publice

159 1837 269 1907 misisti,
292 1838 356 1913 cepi
376 1855 435 1895 una
456 1856 522 1896 cum
537 1839 672 1897 omnibus
693 1840 890 1899 incredibilem
906 1841 1105 1917 voluptatem3

160 1944 269 1993 tantam
290 1936 368 1993 enim
390 1934 472 2010 spe’m
494 1936 543 1994 otii
566 1936 726 2007 ostendisti,
747 1948 888 2013 quantam
908 1957 965 2014 ego
986 1956 1106 2014 semper

160 2033 295 2090 omnibus
323 2042 351 2090 te
366 2050 425 2091 uno
454 2033 543 2091 fretus
570 2033 743 2108 pollicebar;
767 2034 818 2092 sed
846 2035 904 2094 hoc
931 2037 1014 2105 scito,
1035 2046 1105 2095 tuos

158 2138 269 2188 veteres
281 2129 389 2200 hostes,
401 2147 493 2187 novos
507 2131 626 2202 amicos,
641 2131 825 2188 vehementer
839 2131 937 2189 litteris
951 2133 1105 2207 perculsos

158 2235 244 2303 atque
258 2245 295 2284 ex
309 2245 417 2302 magna
437 2245 489 2302 spe
504 2227 671 2286 deturbatos
689 2227 791 2307 iacere.
836 2249 862 2286 2.
877 2222 927 2286 'Ad
941 2247 989 2286 me
1004 2238 1105 2288 autem

157 2324 273 2394 litteras,
288 2342 360 2399 quas
376 2324 486 2394 misisti,
508 2329 686 2400 quamquam
704 2326 841 2401 exiguam
859 2325 1104 2400 significationem

157 2431 223 2479 tuae
238 2440 307 2497 erga
321 2440 368 2479 me
383 2421 536 2480 voluntatis
551 2421 705 2492 habebant,
714 2432 812 2480 tamen
826 2422 896 2480 mihi
911 2423 984 2481 scito
999 2423 1103 2480 iucun-

157 2521 209 2579 das
224 2520 327 2592 fuisse;
353 2520 431 2579 nulla
445 2521 523 2578 enim
536 2539 567 2578 re
576 2531 640 2578 ‘tam
655 2521 752 2578 laetari
768 2521 848 2579 soleo
864 2539 952 2596 quarn
966 2539 1103 2581 meorum

156 2618 317 2676 officiomm
327 2618 513 2688 conscientia,
521 2617 625 2694 quibus
636 2618 787 2693 siquando
799 2637 860 2676 non
869 2628 968 2676 mutue
978 2611 1102 2693 respon-

157 2716 247 2784 detur,
262 2714 339 2791 apud
353 2734 401 2773 me
414 2714 479 2790 plus
494 2715 580 2772 officii
599 2716 723 2773 residere
744 2715 877 2792 facillime
899 2716 1008 2791 patior:
1030 2716 1104 2776 illud

156 2830 217 2870 non
231 2813 340 2883 dubito,
355 2813 434 2887 quin,
449 2812 473 2871 si
487 2821 514 2870 te
536 2830 602 2871 mea
623 2831 736 2870 summa
750 2831 819 2888 erga
838 2822 866 2871 te
882 2813 975 2870 studia
995 2831 1103 2887 parum

155 2909 225 2967 mihi
247 2909 436 2979 adiunxerint,
457 2927 503 2968 res
527 2908 643 2984 publica
667 2926 722 2967 nos
743 2910 817 2966 inter
837 2927 893 2968 nos
915 2910 1103 2970 conciliatura

156 3006 403 3080 coniuncturaque
419 3007 461 3063 sit.
506 3025 532 3080 3.
555 3006 600 3063 Ac
620 3024 658 3063 ne
679 3007 804 3080 ignores,
822 3005 891 3083 quid
912 3024 969 3081 ego
989 3006 1020 3063 in
1043 3007 1101 3066 tuis

154 3101 252 3161 litteris
266 3102 460 3175 desiderarim,
476 3104 601 3161 scribam
617 3113 724 3179 aperte,
741 3104 813 3160 sicut
832 3112 861 3162 et
874 3122 941 3161 mea
955 3113 1057 3162 natura
1070 3117 1102 3165 et

154 3211 253 3257 nostra
273 3199 398 3259 amicitia
418 3200 561 3276 postulat:
588 3219 634 3259 res
655 3220 703 3260 eas
724 3202 810 3278 gessi,
829 3220 951 3278 quarum
972 3203 1100 3277 aliquam

154 3299 184 3363 in
212 3298 268 3355 tuis
290 3298 388 3355 litteris
411 3307 441 3356 et
466 3308 583 3356 nostrae
605 3299 825 3358 necessitudinis
848 3309 877 3358 et
900 3301 941 3358 rei
964 3299 1099 3375 publicae

154 3412 242 3458 causa
255 3394 476 3470 gratulationem
491 3396 654 3470 exspectavi
662 3414 671 3471 3
690 3414 779 3474 quam
793 3415 850 3474 ego
865 3398 917 3457 abs
931 3406 959 3455 te
969 3407 1097 3472 praeter-
