2392 3848
121 237 166 297 ap.
182 216 250 302 ιη]
323 229 434 281 urrsr.
456 228 506 277 AD
527 229 753 276 rxurrrxnss
774 227 808 280 x.
832 231 883 298 31.
1004 225 1068 295 255

124 405 153 460 3.
174 383 332 444 Caesarem
351 399 427 453 vero,
443 381 523 459 quod
544 399 591 439 me
611 381 641 438 in
660 389 740 438 tanta
760 379 876 437 fortuna
892 377 982 436 modo
997 395 1067 452 cog-

122 483 217 539 nitum
226 479 484 538 vetustissimorum
495 478 677 537 familiarium
688 479 754 536 loco
769 476 876 548 habuit,
888 475 974 532 dilexi
989 493 1068 534 sum·

122 599 173 637 ma
186 597 254 637 cum
271 578 376 654 pietate
392 587 421 634 et
441 577 508 634 fide.
550 576 635 648 Quae
650 594 716 633 mea
730 574 871 633 sententia
886 591 984 647 gerere
998 572 1068 629 mihi

122 678 212 744 licuit,
226 678 266 734 ita
279 675 343 744 feci,
357 685 388 733 ut
403 675 531 752 optimus
546 675 667 750 quisque
682 675 808 731 maxime
823 673 966 747 probarit;
989 669 1069 746 quod

124 775 220 832 iussus
234 791 307 842 sum,
322 789 359 829 eo
374 783 504 846 tempore
524 783 610 847 atque
623 773 664 829 ita
682 771 745 841 feci,
760 780 792 828 ut
811 780 961 845 appareret
981 769 1069 826 invito

123 871 298 947 imperatum
317 887 390 927 esse.
432 867 522 926 Cuius
543 869 610 927 facti
629 870 814 927 iniustissima
832 868 940 925 invidia
956 866 1069 924 erudire

123 987 173 1027 me
197 968 298 1044 potuit,
323 985 411 1042 quam
437 968 564 1025 iucunda
586 968 701 1026 libertas
724 977 753 1024 et
775 984 863 1042 quarn
887 967 992 1022 misera
1014 964 1070 1022 sub

124 1066 323 1124 dominatione
347 1065 404 1121 vita
428 1075 512 1122 esset
555 1065 608 1136 Ita,
632 1067 656 1123 si
682 1066 712 1123 id
736 1065 837 1140 agitur,
860 1072 892 1121 ut
916 1081 1014 1120 rursus
1038 1063 1069 1119 in
1119 1105 1121 1109 ,

123 1172 267 1239 potestate
295 1163 395 1220 omnia
422 1163 508 1219 unius
537 1164 601 1232 sint,
629 1164 806 1239 quicumque
834 1163 858 1219 is
884 1169 938 1231 est,
967 1161 994 1218 ei
1020 1178 1069 1216 me

124 1262 263 1339 profiteor
284 1261 447 1330 inimicum;
473 1280 528 1319 nec
550 1261 708 1337 periculum
729 1272 773 1319 est
793 1260 892 1328 ullum,
914 1260 995 1336 quod
1015 1277 1068 1334 pro

123 1359 254 1416 libertate
288 1369 338 1416 aut
371 1357 510 1434 refugiam
546 1369 594 1416 aut
630 1360 776 1435 deprecer.
819 1377 847 1430 4.
870 1356 929 1416 Sed
963 1375 1068 1416 consu·

123 1457 167 1516 les
198 1474 294 1532 neque
325 1466 442 1532 senatus
473 1457 605 1514 consulto
637 1475 733 1533 neque
764 1458 862 1515 litteris
895 1457 954 1514 suis
986 1472 1069 1530 prae-

124 1565 262 1630 ceperant
296 1549 376 1624 mihi,
404 1553 473 1629 quid
508 1553 651 1625 facerem;
687 1573 760 1612 unas
791 1556 869 1612 eninr
901 1564 968 1630 post
999 1554 1070 1611 Idus

125 1652 247 1710 Martias
267 1652 386 1708 demum
408 1669 425 1707 a
446 1651 542 1708 Pansa
563 1653 669 1709 litteras
690 1653 799 1727 accepi,
821 1652 851 1708 in
876 1653 980 1726 quibus
1002 1651 1070 1707 hor·

124 1762 201 1808 tatur
220 1767 276 1819 me,
294 1760 325 1807 ut
344 1749 456 1805 senatui
477 1750 602 1806 scribam
623 1767 671 1810 me
693 1759 721 1807 et
742 1753 899 1807 exercitum
921 1749 950 1806 in
971 1761 1069 1824 potes·

124 1856 184 1906 tate
212 1848 273 1905 eius
304 1846 446 1903 futurum:
482 1847 570 1920 quod,
600 1865 668 1904 cum
699 1847 827 1922 Lepidus
857 1848 1072 1908 contionaretur

125 1957 213 2021 atque
240 1945 377 2002 omnibus
409 1944 546 2001 scriberet
577 1963 608 2002 se
639 1947 800 2003 consentire
832 1964 899 2003 cum
931 1945 1069 2016 Antonio,

125 2045 254 2103 maxime
275 2042 450 2099 contrarium
471 2040 544 2113 fuit3
579 2059 648 2099 nam
669 2044 773 2118 quibus
795 2044 1006 2101 commeatibus
1027 2045 1070 2100 in-

125 2143 185 2199 vito
211 2140 259 2197 illo
283 2157 335 2214 per
359 2138 433 2195 illius
461 2140 639 2213 provinciam
667 2140 798 2216 legiones
823 2141 978 2199 ducerem?
1013 2154 1071 2215 aut,

124 2241 151 2299 si
176 2249 271 2298 cetera
294 2235 471 2304 transissem,
497 2254 568 2293 num
594 2239 680 2296 etiam
706 2239 797 2314 Alpes
821 2250 952 2314 poteram
980 2249 1072 2298 trans

124 2338 231 2407 volare,
246 2352 321 2412 quae
341 2333 486 2408 praesidio
507 2335 583 2392 illius
605 2338 759 2394 tenentur?
801 2338 887 2395 Adde
908 2337 980 2407 huc,⁴
992 2340 1072 2413 quod

124 2434 244 2512 perferri
271 2433 379 2489 litterae
410 2430 487 2487 nulla
515 2433 688 2491 condicione
721 2444 894 2510 potuerunt;
930 2437 1072 2494 sescentis

124 2535 205 2592 enim
223 2531 295 2589 locis
312 2529 501 2598 excutiuntur,
518 2529 622 2588 deinde
645 2533 731 2589 etiam
754 2534 912 2590 retinentur
931 2533 968 2589 ab
985 2532 1073 2607 Lepi-

125 2632 166 2690 do
186 2627 331 2687 tabellarii.
375 2638 401 2698 5.
425 2626 499 2684 Illud
519 2645 568 2684 me
590 2627 746 2687 Cordubae
770 2648 825 2705 pro
847 2631 985 2689 contione
1009 2632 1071 2688 dix-

124 2730 184 2788 isse
204 2743 292 2784 nemo
313 2723 427 2781 vocabit
448 2725 477 2781 in
500 2725 629 2796 dubium,
651 2729 830 2802 provinciam
849 2746 897 2785 me
918 2728 996 2797 nulli,
1017 2730 1072 2786 nisi

125 2828 177 2904 qui
206 2826 244 2884 ab
277 2833 379 2881 senatu
410 2825 515 2882 missus
548 2825 680 2895 venisset,
717 2826 904 2883 traditurum:
938 2844 1007 2882 narn
1036 2827 1071 2885 de

126 2927 242 3000 legione
261 2923 425 2980 tricensima
443 2923 584 2980 tradenda
603 2934 726 2998 quantas
746 2924 947 2981 contentiones
965 2922 1073 2981 habue-

126 3026 182 3082 n'm
196 3021 267 3096 quid
280 3037 336 3093 ego
351 3021 495 3078 scribam?
517 3038 575 3095 qua
594 3021 695 3078 tradita
710 3032 819 3096 quanto
838 3037 892 3095 pro
907 3039 937 3078 re
957 3022 1073 3096 publica

127 3120 267 3180 infirmior
283 3117 394 3174 futurus
414 3117 524 3189 fuerim,
545 3119 609 3193 quis
629 3119 763 3193 ignorat?
785 3118 839 3176 hac
859 3119 937 3175 enim
956 3118 1072 3194 legione

127 3219 186 3278 noli
210 3218 304 3276 acrius
325 3227 373 3272 aut
398 3216 559 3290 pugnacius
584 3216 738 3291 quicquam
764 3227 864 3290 putare
888 3234 961 3273 esse.
1004 3215 1073 3287 Qua

127 3335 159 3375 re
183 3334 250 3375 eum
273 3332 322 3372 me
346 3315 477 3373 existima
500 3332 573 3383 esse,
595 3315 644 3390 qui
668 3315 792 3388 primum
819 3314 898 3389 pacis
923 3315 1072 3389 cupidissi-

128 3433 194 3473 mus
214 3414 412 3471 sim—omnes
432 3413 509 3469 enim
530 3413 606 3470 cives
625 3412 711 3487 plane
732 3411 834 3469 studeo
848 3430 911 3470 esse
926 3412 1072 3487 salvos-7
