2392 3848
121 210 224 277 nan,
238 196 296 281 aa]
350 209 465 260 arzer.
484 209 535 258 an
555 208 721 259 arricum
739 210 788 262 rx.
808 213 855 262 12.
1009 209 1067 279 157

122 368 316 429 concordiam
332 387 385 446 per
399 377 427 427 te
441 387 530 447 quam
545 367 883 427 accommodatissimum
897 365 1068 425 conservari.

122 466 204 543 Ego,
220 486 287 527 cum
301 477 386 526 antea
400 468 451 525 tibi
465 467 502 525 de
520 466 646 525 Lentulo
667 467 773 542 gratias
792 467 927 540 egissem,
943 464 1023 540 quod
1042 464 1070 520 ei

123 564 222 636 saluti,
242 565 291 641 qui
314 564 385 622 mihi
405 564 504 634 iuerat,
526 565 637 635 luisses,
658 575 758 623 tamen
778 564 859 622 lectis
879 564 941 621 eius
961 562 1069 631 litteris

123 678 201 737 quas
221 662 260 720 ad
278 680 326 720 me
346 662 510 738 gratissimo
532 663 631 720 animo
656 661 693 720 de
717 671 767 719 tua
790 661 956 718 liberalitate
980 661 1069 717 bene-

124 760 255 837 ficioque
272 761 357 832 misit,
372 761 496 820 eandem
515 779 563 818 me
582 761 703 819 salutern
722 778 740 818 a
758 769 787 817 te
805 760 953 834 accepisse
969 758 1074 833 pulani

123 876 217 935 quam
237 857 282 917 ille
288 877 298 930 ;
325 859 357 916 in
378 877 465 935 quem
486 859 510 917 si
530 877 578 917 me
599 858 741 932 intellegis
761 875 825 915 esse
846 866 968 932 gratum,
990 874 1068 926 cura,

123 956 261 1027 obsecr0,
274 965 307 1014 ut
320 956 407 1014 etiam
421 956 451 1014 in
465 955 639 1031 Pompeium
652 973 716 1013 esse
730 955 850 1030 possim.

347 1106 396 1161 65.
436 1101 493 1159 AD
514 1100 710 1159 ATTICUM
730 1101 784 1158 IX.
806 1120 851 1160 12.

125 1213 196 1276 Ser.
211 1233 243 1275 nr
262 1214 419 1275 Fonmruo
435 1235 463 1274 A.
478 1234 506 1274 o.
521 1234 569 1274 xm
584 1214 746 1274 Kmunnas
759 1217 887 1274 Arruns
908 1234 990 1276 nuc.
1003 1229 1018 1291 7
1044 1232 1070 1292 5.

443 1339 547 1382 c1cuno
567 1339 674 1381 amco
695 1340 757 1382 sun.

172 1454 200 1495 r.
221 1434 365 1495 Mannum
388 1444 453 1494 tuas
476 1436 585 1494 litteras
608 1455 669 1494 xm.
692 1434 740 1507 K,
759 1455 826 1494 cum
849 1436 921 1494 mihi
948 1435 1071 1511 epistola

126 1533 257 1593 adfertur
269 1551 289 1591 a
305 1532 407 1610 Lepta,
421 1534 665 1592 circumvallatum
684 1552 748 1592 esse
767 1534 948 1611 Pompeium,
963 1534 1073 1591 ratibus

127 1632 220 1690 etiam
240 1631 332 1689 exitus
353 1641 454 1706 portus
474 1631 584 1689 teneri:
606 1649 668 1689 non
687 1632 801 1690 medius
820 1632 904 1690 fidius
923 1650 993 1707 prae
1014 1632 1073 1689 lac·

127 1729 212 1789 rimis
229 1747 352 1805 possum
370 1730 478 1806 reliqua
496 1748 552 1788 nec
570 1730 698 1805 cogitare
712 1748 768 1788 nec
782 1732 914 1790 scribere.
950 1731 1019 1789 Misi
1035 1731 1072 1789 ad

127 1836 160 1885 te
173 1825 350 1903 exemplum.
392 1826 517 1885 Miseros
532 1830 604 1885 nos!
626 1845 677 1885 cur
691 1846 752 1885 non
766 1845 870 1885 omnes
889 1827 979 1887 fatum
998 1829 1072 1887 illius

128 1942 193 1983 una
209 1924 337 1982 exsecuti
357 1925 477 1982 sumus?
517 1923 595 1982 Ecce
615 1935 712 1982 autem
731 1943 749 1982 a
769 1924 863 1983 Matio
884 1936 913 1983 et
932 1927 1073 1984 Trebatio

128 2021 245 2092 eadem,
259 2021 364 2098 quibus
382 2020 539 2079 Minturnis
559 2022 636 2079 obvii
658 2021 791 2080 Caesaris
812 2024 958 2082 tabellarii
996 2024 1073 2082 Tor-

130 2135 225 2197 queor
246 2116 353 2188 infelix,
375 2129 408 2177 ut
428 2118 486 2175 iam
506 2118 586 2176 illum
607 2117 779 2177 Mucianum
799 2121 907 2178 exitum
928 2132 1073 2198 exoptem.

129 2217 173 2277 At
194 2233 283 2292 quam
303 2214 434 2287 honesta,
456 2226 485 2275 at
505 2234 594 2291 quam
614 2217 749 2293 expedita
769 2227 820 2276 tua
839 2219 967 2290 consilia,
986 2239 1074 2296 quam

130 2314 266 2390 evigilata
279 2314 336 2372 tuis
350 2315 574 2389 cogitationibus
589 2332 647 2391 qua
666 2315 781 2385 itineris,
797 2333 856 2391 qua
875 2317 1074 2392 navigationis,

128 2430 193 2489 qua
212 2429 387 2486 congressus
407 2411 608 2487 sermonisque
630 2429 697 2468 cum
718 2411 859 2473 Caesarei
885 2416 984 2472 omnia
1008 2434 1074 2474 cum

130 2509 266 2579 honesta,
291 2519 354 2567 tum
381 2519 473 2567 cauta.
522 2508 558 2566 In
585 2508 706 2585 Epirum
734 2527 803 2568 vero
831 2511 959 2570 invitatio
987 2532 1076 2589 quam

132 2607 239 2677 suavis,
259 2624 347 2682 quam
367 2606 499 2676 liberalis,
521 2624 610 2681 quam
632 2606 771 2666 fraterna!
816 2628 841 2667 2.
866 2608 912 2668 De
933 2610 1075 2686 Dionysio

133 2723 201 2766 sum
220 2704 385 2774 admiratus,
399 2705 449 2779 qui
468 2705 546 2779 apud
564 2723 612 2762 me
631 2704 797 2764 honoratior
815 2705 868 2764 fuit
888 2726 976 2784 quam
998 2709 1076 2785 apud

134 2803 305 2878 Scipionem
337 2801 498 2872 Panaetius,
527 2820 546 2858 a
573 2819 632 2878 quo
660 2802 852 2879 impurissime
880 2804 951 2864 haec
979 2817 1077 2864 nostra

133 2900 252 2959 fortuna
272 2897 410 2974 despecta
431 2908 483 2957 est
527 2897 585 2956 Odi
610 2899 761 2957 hominem
784 2911 813 2958 et
836 2902 944 2974 odero;
966 2904 1077 2962 utinam

134 2996 235 3056 ulcisci
249 2998 383 3072 possem!
405 2996 550 3054 sedilium
564 2997 738 3055 ulciscentur
751 3017 848 3057 mores
863 3000 916 3057 sui.

179 3113 208 3170 3.
229 3093 286 3164 Tu,
302 3112 420 3172 quaes0,
436 3113 513 3153 nunc
528 3095 572 3152 vel
590 3096 724 3167 maxime,
739 3096 809 3170 quid
828 3098 975 3172 agendum
993 3100 1078 3158 nobis

135 3194 182 3263 sit,
211 3192 316 3267 cogita.
362 3192 466 3267 Populi
494 3192 622 3250 Romani
649 3194 790 3252 exercitus
823 3194 877 3253 Cn.
906 3195 1079 3272 Pompeium

137 3291 338 3361 circumsedet,
354 3289 434 3348 fossa
452 3300 481 3349 et
498 3291 573 3348 vallo
593 3303 726 3367 saeptum
745 3301 832 3363 tenet,
846 3291 917 3369 luga
929 3294 1077 3370 prohibet:

137 3405 194 3448 nos
207 3387 329 3447 vivimus
343 3401 371 3447 et
385 3397 440 3447 stat
453 3389 521 3448 urbs
536 3389 606 3461 ista;
621 3402 769 3466 praetores
784 3391 827 3449 ius
843 3391 942 3450 dicunt
949 3411 957 3465 ;
973 3393 1080 3451 aediles
