2392 3848
121 204 182 265 114
390 198 427 248 m
455 199 576 248 rurrrr
597 196 789 248 crcrreorrrs
950 180 1054 270 [rnen.

117 349 228 424 equites
242 358 309 407 ante
324 360 432 407 certam
447 349 525 408 diem
544 349 728 419 decederent,
743 349 783 406 ob
797 365 923 424 eamque
938 365 1055 418 causam,

116 457 179 504 tum
194 448 233 505 ob
247 457 357 505 ceteras
373 447 521 505 Salaminii
538 465 594 506 nos
614 449 645 504 in
659 445 771 505 caelum
785 445 910 504 decretis
928 447 990 505 suis
1004 463 1057 504 sus·

116 545 250 602 tulerunt.
295 544 354 603 Sed
382 546 439 603 iarn
467 545 538 621 quid
566 563 642 620 opus
666 544 814 620 equitatu?
847 543 967 602 solvunt
989 545 1058 602 enim

117 641 281 700 Salaminii:
303 642 358 700 nisi
378 642 451 700 forte
471 643 501 699 id
520 642 653 700 volumus
673 641 760 700 armis
780 640 903 712 efficere,
917 652 952 699 ut
966 641 1059 699 laeuus

117 739 263 814 quaternis
283 740 447 798 centesimis
469 739 584 797 ducant.
624 737 663 797 Et
682 756 740 815 ego
760 738 877 797 audebo
892 739 992 814 legere
1006 757 1059 796 um·

117 854 206 912 quam
226 846 276 895 aut
297 836 436 911 attingere
458 854 509 895 eos
530 837 628 906 libros
650 853 725 912 quos
747 844 778 894 tu
800 835 942 909 dilaudas,
965 837 990 895 si
1011 836 1059 894 tale

117 934 187 1010 quid
202 934 318 993 fecero?
340 933 444 1004 Nimis,
454 935 545 1002 nimai,
556 934 684 1009 inquam,
699 933 731 989 in
744 933 800 991 isto
815 932 940 991 Brutum
955 935 1059 1002 amasti,

117 1032 283 1092 dulcissime
311 1033 415 1101 Attice,
441 1049 496 1089 nos
524 1048 624 1088 vereor
653 1049 690 1087 ne
718 1047 829 1106 parum.
873 1031 973 1107 Atque
996 1031 1059 1089 haec

117 1130 219 1204 scripsi
240 1147 296 1204 ego
318 1129 355 1186 ad
376 1127 499 1186 Brutum
521 1128 671 1203 scripsisse
691 1138 720 1184 te
737 1128 775 1184 ad
793 1145 850 1186 me.
897 1146 943 1186 10.
988 1127 1059 1204 Cog-

116 1245 207 1284 nosce
226 1244 304 1283 nunc
323 1234 426 1283 cetera.
468 1223 526 1281 Pro
546 1224 645 1299 Appio
666 1241 721 1281 nos
742 1222 789 1281 hic
810 1225 911 1282 omnia
931 1224 1058 1294 facimus

116 1323 239 1381 honeste
267 1331 374 1392 tamen,
403 1322 455 1380 sed
482 1322 569 1397 plane
597 1321 738 1393 libenter3
774 1339 831 1380 nec
858 1322 938 1379 enim
968 1323 1059 1399 ipsum

117 1421 232 1478 odimus
253 1430 281 1478 et
303 1419 424 1477 Brutum
445 1436 587 1490 amamus,
605 1427 634 1476 et
655 1417 814 1494 Pompeius
835 1418 957 1478 mirifice
978 1438 997 1477 a
1017 1437 1059 1476 me

116 1518 274 1587 contendit,
296 1536 383 1593 quern
407 1517 573 1574 mehercule
596 1516 662 1592 plus
685 1516 807 1591 plusque
830 1516 861 1573 in
881 1516 943 1575 dies
965 1518 1056 1592 diligo.

117 1615 151 1674 C.
166 1614 299 1674 Caelium
315 1625 498 1690 quaestorem
513 1613 570 1671 buc
590 1613 688 1670 venire
703 1613 815 1671 audisti.
857 1611 978 1686 Nesci0,
995 1614 1059 1691 quid

117 1716 168 1785 sit3
192 1714 244 1771 sed
258 1712 426 1770 Pammenia
440 1711 487 1768 illa
501 1711 571 1767 mihi
590 1728 651 1768 non
667 1710 787 1785 placent
832 1709 899 1786 Ego
914 1731 963 1770 me
979 1731 1059 1790 spero

118 1812 241 1871 Athenis
262 1810 324 1868 lore
344 1827 445 1867 mense
468 1808 637 1883 Septembri.
680 1807 814 1865 Tuorum
836 1808 972 1868 itinerum
994 1821 1059 1870 tem·

118 1928 191 1986 pora
212 1908 282 1966 scire
304 1926 374 1965 sane
394 1907 487 1964 velim.
530 1907 653 1976 Εὐήθειαν
674 1904 839 1980 Sempronii
855 1906 924 1964 Rufi
939 1909 1060 1984 cognovi

119 2026 155 2065 ex
179 2005 301 2082 epistola
323 2004 505 2079 Corcyraea:
528 2003 599 2079 quid
621 2004 755 2078 quaeris?
776 2003 891 2061 invideo
917 2007 1059 2080 potentiae

116 2104 252 2162 Vestorii.
295 2101 457 2177 Cupiebam
472 2101 559 2158 etiam
573 2118 651 2157 nunc
670 2099 753 2175 plura
772 2100 887 2174 garrire,
904 2102 958 2159 sed
972 2103 1058 2161 lucet:

116 2211 200 2277 urget
214 2200 306 2268 turba,
321 2199 435 2257 festinat
455 2198 637 2271 Philogenes
680 2196 800 2254 Valebis
818 2197 905 2272 igitur
923 2209 951 2257 et
971 2202 1060 2259 valere

116 2299 218 2356 Piliam
239 2308 267 2355 et
287 2297 443 2356 Caeciliam
462 2305 592 2353 nostram
611 2295 723 2352 iubebis
741 2295 839 2353 litteris
859 2305 888 2354 et
909 2297 1062 2357 salvebisa

117 2415 185 2455 meo
201 2394 352 2455 Cicerone.

317 2557 364 2612 39.
406 2553 464 2613 ΑΙ)
484 2550 737 2610 FAMILIARES
759 2549 824 2609 XV.
841 2563 869 2624 5.

396 2668 462 2728 Sca.
484 2667 697 2727 Ronlanum.
722 2681 788 2740 704.

289 2829 292 2835 .
332 2793 364 2836 rr.
386 2794 462 2836 caro
482 2794 504 2834 s.
526 2794 554 2834 u.
575 2793 606 2832 rr.
627 2792 761 2834 crcrnoru
782 2791 840 2831 rur.

162 2911 188 2952 1.
210 2890 299 2963 Quor)
314 2901 343 2948 et
357 2909 402 2948 res
422 2890 537 2966 publica
558 2907 606 2946 me
625 2898 653 2946 et
673 2897 773 2946 nostra
787 2887 912 2945 amicitia
926 2887 1061 2959 hortatur,

117 2992 238 3050 libenter
258 2989 341 3059 laci0,
356 2999 388 3046 ut
409 2999 490 3046 tuam
511 2989 650 3055 virtutem,
666 2985 870 3054 innocentiam,
886 2984 1062 3060 diligentiam

118 3088 267 3164 cognitam
281 3087 311 3143 in
325 3085 460 3143 maximis
480 3085 565 3142 rebus
586 3083 665 3140 domi
685 3083 784 3156 togati,
800 3082 902 3140 armati
917 3082 988 3142 foris
1003 3084 1061 3161 pari

119 3184 257 3242 industria
279 3182 477 3241 administrare
498 3180 659 3256 gaudeam:
690 3177 794 3253 itaque,
817 3179 897 3254 quod
918 3198 973 3256 pro
996 3197 1061 3239 meo

118 3285 225 3347 iudicio
240 3285 333 3342 facere
354 3283 442 3359 potui,
458 3292 489 3340 ut
508 3280 674 3338 innocentia
691 3279 871 3355 consilioque
892 3290 944 3339 tuo
964 3282 1062 3340 delen·

120 3401 183 3442 sam
206 3381 395 3460 provinciam,
418 3389 559 3439 servatum
588 3376 789 3432 Ariobarranis
811 3395 878 3434 curn
904 3379 970 3455 ipso
996 3397 1062 3456 rege
