2392 3848
126 205 167 268 ap.
182 190 224 276 9]
373 203 484 258 aaran
506 203 557 252 An
578 202 742 253 arricum
761 203 801 253 rr.
827 207 856 255 1.
1026 200 1068 272 25

125 359 218 419 iacere
229 360 308 419 illum
317 361 387 419 mihi
396 381 484 438 quam
493 361 584 438 prosit
593 359 760 432 nescio;rei
768 358 901 435 publicae
912 366 988 416 certe
998 375 1065 433 pro-

126 457 198 515 dest.
220 457 308 530 Quid,
323 460 346 517 si
361 462 448 518 etiam
460 459 623 529 Caesarem,
636 460 716 518 cuius
726 477 803 515 nunc
817 456 894 513 venti
909 455 990 513 valde
1000 463 1069 514 sunt

125 555 253 626 secundi,
265 556 356 614 reddo
367 557 524 628 meliorem,
534 575 605 614 num
615 567 729 613 tantum
744 555 850 612 obsum
864 553 905 610 rei
916 551 1067 628 publicae?

127 665 152 726 7.
167 651 248 723 Quin
268 654 363 725 etiam,
380 655 402 712 si
417 654 487 711 mihi
509 672 597 712 nemo
619 653 767 722 invideret,
788 652 812 709 si
833 668 947 721 omnes,
961 659 993 708 ut
1007 660 1067 708 erat

125 767 260 826 aequum,
288 750 426 820 faverent,
457 761 555 809 tamen
590 769 651 808 non
678 751 776 807 minus
811 758 888 807 esset
915 748 1067 824 probanda

124 848 276 918 medicina,
291 865 366 923 quae
381 858 496 906 sanaret
515 848 631 907 vitiosas
651 857 747 922 partes
768 845 963 921 reipublicae,
979 863 1067 920 quam

125 963 199 1021 quae
221 955 377 1005 exsecaret.
418 945 507 1004 Nunc
529 962 606 1016 vem,
629 963 696 1003 curn
725 944 867 1020 equitatus
895 943 950 1013 ille,
979 961 1067 1019 quem

125 1060 182 1117 ego
196 1043 225 1099 in
237 1042 309 1100 clivo
325 1042 490 1118 Capitolino
504 1054 532 1101 te
546 1042 682 1118 signifero
694 1060 728 1101 ac
739 1042 869 1116 principe
885 1041 1066 1113 collocaram,

126 1149 257 1197 senatum
266 1140 432 1210 deseruerit,
443 1141 534 1198 nostri
545 1150 641 1198 autem
651 1139 796 1214 principes
807 1138 896 1213 digito
912 1156 943 1196 se
954 1137 1066 1196 caelum

125 1246 226 1313 putent
247 1239 396 1313 attingere,
419 1239 442 1296 si
464 1239 543 1295 mulli
565 1237 676 1296 barbati
691 1238 722 1293 in
736 1236 856 1312 piscinis
877 1236 941 1307 sint,
958 1237 1007 1311 qui
1029 1236 1067 1294 ad

125 1352 245 1392 manum
260 1335 409 1406 accedant,
425 1335 481 1394 alia
501 1345 599 1393 autem
619 1335 784 1410 neglegant,
806 1353 905 1393 nonne
926 1334 977 1391 tibi
998 1334 1067 1392 satis

125 1432 263 1506 prodesse
277 1433 385 1503 videor,
401 1435 424 1491 si
439 1434 558 1509 perficio
573 1443 604 1492 ut
619 1433 712 1491 nolint
733 1434 838 1492 obesse
859 1433 909 1508 qui
923 1432 1065 1507 possunt?

127 1532 153 1587 8.
174 1548 243 1588 narn
264 1530 408 1590 Catonem
426 1543 559 1590 nostrum
579 1550 641 1589 non
660 1542 692 1588 tu
707 1549 788 1590 amas
802 1531 867 1606 plus
886 1549 975 1607 quam
990 1548 1046 1605 ego
1056 1548 1065 1601 ;

125 1628 177 1686 sed
192 1639 288 1686 tamen
301 1629 347 1686 ille
361 1629 474 1705 optimo
496 1631 594 1687 animo
615 1637 700 1688 utens
722 1639 751 1686 et
772 1647 887 1688 summa
908 1628 965 1685 fide
980 1637 1066 1685 nocet

125 1726 268 1783 interdum
289 1727 330 1784 rei
352 1727 502 1802 publicae:
532 1726 600 1784 dicit
619 1727 697 1784 enim
719 1735 867 1803 tamquam
888 1727 919 1783 in
938 1725 1066 1783 Platonis

124 1826 247 1894 πολιτείᾳ,
258 1840 320 1880 non
335 1833 485 1900 tamquam
495 1823 525 1880 in
537 1823 656 1881 Romuli
667 1823 756 1894 faece,
768 1825 949 1882 sententiam.
987 1823 1066 1894 Quid

124 1920 218 1978 verius
233 1938 321 1996 quam
342 1921 373 1977 in
394 1920 532 1978 iudicium
549 1922 646 1978 venire
668 1922 717 1997 qui
739 1922 777 1979 ob
799 1940 861 1980 rem
882 1920 1066 1979 iudicandam

123 2018 278 2095 pecuniam
292 2019 454 2093 acceperit?
476 2019 586 2076 censuit
607 2018 664 2078 hoc
679 2018 763 2089 Cat0,
785 2019 911 2077 adsensit
933 2030 1064 2076 senatus:

123 2115 234 2189 equites
249 2114 343 2172 curiae
353 2114 469 2185 bellum,
482 2132 543 2171 non
558 2115 645 2188 mihi;
667 2135 736 2173 nam
746 2135 803 2192 ego
819 2115 949 2175 dissensi.
986 2113 1065 2186 Quid

123 2212 318 2287 impudentius
337 2213 500 2288 publicanis
517 2215 766 2272 renuntiantibus?
795 2214 847 2272 fuit
869 2224 967 2271 tamen
981 2215 1065 2272 retin-

123 2309 190 2367 endi
212 2309 322 2368 ordinis
346 2328 434 2369 causa
460 2310 596 2368 faciunda
618 2312 745 2370 iactura:
770 2313 872 2370 restitit
895 2322 924 2369 et
948 2312 1066 2388 pervicit

124 2405 218 2485 Cato;
246 2407 343 2483 itaque
369 2426 455 2478 nunc,
485 2409 604 2466 consule
632 2410 802 2468 incarcere
828 2409 948 2479 incluso,
977 2427 1065 2485 saepe

123 2507 193 2563 item
212 2504 354 2563 seditione
377 2515 534 2576 commota,
554 2507 688 2582 aspiravit
707 2525 795 2564 nemo
815 2524 924 2578 eorum,
941 2525 1065 2583 quorum

124 2619 181 2677 ego
204 2606 350 2660 concursu
372 2603 500 2678 itemque
519 2603 537 2659 ii
559 2604 703 2675 consules,
724 2605 774 2681 qui
792 2617 860 2680 post
878 2603 1065 2676 meluerunt,

123 2718 186 2757 rem
213 2700 362 2775 publicam
390 2700 545 2757 defendere
574 2701 714 2760 solebant.
756 2701 836 2772 Quid
864 2704 955 2777 ergo?
986 2704 1066 2773 istos,

124 2797 245 2872 inquies,
267 2797 401 2855 mercede
422 2797 584 2856 conductos
605 2799 797 2857 habebimus?
827 2801 896 2877 quid
917 2800 1067 2870 faciemus,

125 2896 149 2953 si
169 2893 249 2951 aliter
269 2911 330 2952 non
350 2897 529 2970 possumus?
551 2914 589 2953 an
606 2895 743 2954 libertinis
765 2908 852 2973 atque
870 2898 957 2955 etiam
979 2898 1067 2955 servis

125 2991 302 3051 serviamus?
345 2991 411 3062 Sed,
436 3001 468 3049 ut
490 3001 521 3050 tu
550 2993 601 3064 ais,
624 2997 682 3051 ἅλις
706 2997 828 3065 σπουδῆς.
871 3015 898 3070 9.
920 2995 1066 3053 Favonius

123 3106 220 3150 meam
234 3089 339 3146 tribum
354 3090 415 3147 tulit
429 3090 579 3148 honestius
593 3109 682 3166 quarn
698 3108 790 3162 suam,
800 3091 918 3150 Lucceii
933 3093 1065 3168 perdidit.

124 3187 278 3246 Accusavit
295 3185 433 3244 Nasicam
454 3187 583 3258 honeste,
605 3207 638 3246 ac
660 3189 782 3247 moleste
803 3200 902 3247 tamen
923 3189 1002 3262 dixit,
1027 3191 1066 3250 ita

122 3295 156 3344 ut
179 3283 277 3342 Rhodi
301 3284 442 3342 videretur
464 3285 549 3371 molis
571 3286 668 3361 potius
691 3305 780 3363 quam
806 3285 920 3345 Moloni
944 3305 1064 3364 operam

124 3384 258 3458 dedisse3
293 3383 373 3454 mihi,
406 3383 485 3461 quod
513 3372 725 3458 defendissem,
757 3385 855 3446 leviter
890 3389 1063 3449 succensuit.
