2392 3848
115 220 156 288 52
201 218 239 269 n.
263 218 382 291 runnu
403 217 589 268 cromerus
608 217 664 265 nr.
687 215 743 268 nn
766 197 848 267 nm.
869 217 924 265 nr.
949 201 1002 286 23.

115 383 219 434 o'mnes
235 378 263 434 in
282 372 452 452 abrogando
469 375 618 433 alerentur.
644 373 701 432 ¹Ut
719 373 860 431 Ninnium
879 384 928 430 aut
947 382 1058 431 ceteros

117 475 221 551 sugerit
242 475 394 548 investiges
415 473 501 530 velim
521 482 550 530 et
570 473 635 547 quis
656 472 779 529 attulerit
799 481 827 528 et
852 488 910 547 qua
934 489 965 528 re
991 481 1058 528 octo

117 570 222 629 tribuni
244 570 282 646 pl.
304 571 342 628 ad
364 579 497 628 senatum
519 569 557 627 de
580 587 628 626 me
650 568 755 626 referre
777 585 838 626 non
862 568 1057 625 dubitarint-

117 669 225 728 scilicet
247 668 327 744 quod
348 665 561 725 observandum
582 666 652 723 illud
673 676 760 741 caput
784 683 845 723 non
869 666 1059 741 putabant-,

118 766 206 825 iidem
229 766 258 823 in
280 765 450 840 abrogando
472 775 533 822 tam
554 764 629 822 cauti
650 763 763 832 fuerint,
781 762 815 819 'ut
838 763 867 819 id
890 772 1058 831 metuerent,

118 863 204 922 soluti
219 881 286 922 cum
300 871 403 933 essent,
419 863 499 939 quod
517 881 555 920 ne
574 861 608 919 iis
628 861 754 936 quidem,
769 860 818 935 qui
839 860 904 935 lege
918 870 1059 927 tenentur,

117 969 161 1018 est
178 958 346 1017 curandum.
388 959 425 1016 Id
445 968 533 1034 caput
554 975 624 1015 sane
645 957 736 1014 nolim
758 973 849 1014 novos
870 957 1003 1014 tribunos
1022 956 1060 1032 pl.

117 1056 199 1127 serre,
223 1057 274 1114 sed
301 1055 446 1131 perferant
474 1055 565 1113 modo
593 1053 757 1129 quidlubet:
786 1072 846 1112 uno
872 1056 976 1129 capite,
1001 1072 1059 1129 quo

117 1155 283 1225 revocabor,
312 1154 402 1213 modo
430 1172 476 1212 res
504 1152 680 1221 conficiatur,
706 1169 756 1210 ero
785 1162 945 1210 contentus.
997 1152 1059 1210 Iam

118 1253 230 1310 dudum
244 1251 334 1328 pudet
348 1262 408 1309 tam
421 1251 511 1309 multa
525 1251 666 1320 scribere;
688 1266 788 1307 vereor
802 1250 880 1306 enim
896 1269 933 1307 ne
950 1268 982 1308 re
1002 1251 1059 1308 iam

119 1351 271 1424 desperata
285 1350 372 1424 legas,
382 1360 413 1406 ut
426 1349 498 1406 haec
512 1366 578 1405 mea
589 1347 735 1422 diligentia
746 1347 914 1404 miserabilis
925 1348 986 1418 tibi,
998 1348 1060 1406 aliis

118 1446 263 1504 irridenda
277 1447 413 1504 videatur.
461 1445 519 1504 Sed
533 1445 556 1502 si
570 1457 614 1503 est
628 1444 735 1519 aliquid
749 1445 778 1500 in
797 1461 857 1518 spe,
872 1445 939 1502 vide
957 1444 1061 1520 legem,

120 1562 208 1620 quam
223 1543 262 1601 T.
274 1543 365 1602 Fadio
381 1543 493 1618 scripsit
506 1542 658 1600 Visellius:
677 1561 712 1599 ea
726 1541 796 1597 mihi
811 1542 958 1616 perplacet
966 1562 974 1614 ;
995 1561 1062 1600 nam

122 1641 206 1700 Sestii
220 1642 319 1711 nostri,
335 1659 422 1717 quam
436 1651 467 1698 tu
481 1641 533 1699 tibi
547 1640 662 1716 probari
672 1639 784 1792 'sppibis
800 1639 871 1695 mihi
885 1656 946 1696 non
961 1640 1061 1715 placet

122 1753 150 1812 5.
173 1738 272 1797 Tertia
290 1748 334 1797 est
355 1738 477 1814 epistola
495 1738 587 1814 pridie
606 1736 676 1794 Idus
726 1737 852 1793 ovembr.
867 1735 940 1805 data,
957 1737 988 1794 in
1007 1757 1064 1814 qua

121 1837 245 1911 exponis
261 1836 415 1912 prudenter
429 1847 457 1894 et
471 1835 630 1910 diligenter,
646 1852 720 1910 quae
738 1834 794 1891 sint
809 1851 882 1909 quae
901 1853 964 1892 rem
984 1836 1062 1894 disti·

122 1952 190 1993 nere
211 1934 369 2000 videantur,
390 1934 426 1991 de
448 1932 564 2004 Crass0,
584 1931 621 1991 de
634 1931 791 2007 Pompeio,
807 1931 842 1990 de
864 1932 985 1990 ceteris:
1008 1952 1064 2010 qua

123 2048 153 2088 re
169 2047 230 2089 ,oro
253 2040 282 2087 te
306 2041 345 2101 ut,
367 2031 391 2087 si
417 2049 474 2106 qua
499 2048 565 2104 spes
588 2030 648 2098 erit,
670 2047 757 2105 posse
783 2029 884 2087 studiis
909 2030 1064 2100 bonorum,

121 2128 299 2197 auctoritate,
309 2127 489 2184 multitudine
501 2135 675 2202 comparata,
687 2145 749 2184 rem
761 2127 873 2197 confici,
884 2126 935 2185 des
945 2145 1065 2205 operam

123 2234 155 2283 ut
175 2242 234 2282 uno
254 2225 362 2300 impetu
381 2224 581 2300 perfringatur,
601 2224 631 2281 in
650 2242 715 2281 eam
733 2243 796 2282 rem
817 2225 970 2283 incumbas
990 2237 1065 2284 cete·

123 2339 231 2396 rosque
246 2323 353 2379 excites
362 2341 370 2394 ;
392 2323 446 2393 sin,
458 2332 489 2380 ut
504 2339 560 2397 ego
576 2323 720 2398 perspicio
735 2341 803 2380 cum
822 2331 871 2380 tua
892 2324 1065 2394 coniectura,

122 2431 187 2479 tum
206 2419 293 2476 etiam
310 2438 383 2492 mea,
399 2419 461 2495 spei
480 2419 550 2476 nihil
569 2431 620 2488 est,
636 2437 690 2477 oro
711 2420 895 2495 obtestorque
917 2431 955 2492 te,
975 2431 1007 2479 ut
1028 2421 1065 2495 Q.

123 2517 244 2580 fratrem
268 2535 360 2586 ames,
378 2535 466 2592 quem
487 2535 544 2592 ego
565 2519 702 2575 miserum
723 2518 827 2577 misere
852 2518 974 2594 perdidi,
995 2537 1068 2578 neve

125 2614 197 2692 quid
210 2632 278 2671 eum
292 2615 400 2689 patiare
414 2615 528 2689 gravius
546 2616 696 2673 consulere
716 2617 752 2674 de
770 2635 810 2686 se,
826 2634 914 2692 quam
933 2617 1069 2692 expediat

127 2711 234 2772 sororis
262 2722 327 2770 tuae
352 2711 423 2781 filio,
452 2729 551 2769 meum
580 2712 762 2782 Ciceronem,
784 2715 830 2771 cui
857 2713 927 2769 nihil
955 2714 1068 2772 misello

126 2810 259 2884 relinquo
287 2817 399 2883 praeter
423 2809 559 2866 invidiam
587 2819 614 2866 et
639 2811 829 2884 ignominiam
853 2811 979 2870 nominis
1001 2807 1069 2884 mei,

127 2918 234 2977 tueare,
254 2906 352 2982 quoad
372 2906 489 2982 poteris,
505 2905 681 2978 Terentiam,
697 2925 786 2964 unam
805 2908 936 2965 omnium
956 2927 1069 2969 aerum-

130 3005 324 3075 nosissimam,
335 3011 480 3062 'sustentes
494 3004 551 3062 tuis
564 3005 673 3062 officiis.
717 3004 783 3080 Ego
795 3005 825 3063 in
840 3006 962 3082 Epirum
981 3005 1070 3083 profi-

129 3103 228 3172 ciscar,
237 3120 304 3160 cum
315 3102 475 3179 primorum
490 3101 600 3158 dierum
614 3103 731 3160 nuntios
745 3121 905 3178 excepero:
925 3113 957 3160 tu
972 3104 1010 3162 ad
1024 3122 1072 3162 me

127 3200 215 3257 ¹velim
236 3200 375 3275 proximis
395 3198 502 3268 litteris,
523 3209 555 3256 ut
579 3216 612 3257 se
636 3200 716 3257 initia
741 3199 881 3271 dederint,
901 3187 1104 3339 perscribasx'd

130 3297 208 3360 Data
222 3293 313 3376 pridie
327 3295 393 3356 Kal.
408 3295 563 3356 Decembr.
1060 3309 1063 3326 ⁸

1045 3356 1047 3361 ⁴
1057 3352 1062 3371 l

1012 3390 1062 3450 Ψ.
