2392 3848
90 199 181 271 ,100
395 192 435 245 u.
461 190 583 242 roualt
603 186 800 243 crannum
832 183 866 231 .‘-·
943 167 1051 263 [amit

116 345 213 425 ‘quid,
246 344 271 405 si
302 343 377 404 filius
404 362 490 404 meus
521 341 628 402 fustem
658 341 730 402 mihi
759 338 933 420 impingere
950 338 1054 400 voleti'

114 445 174 504 His
203 444 332 514 vocibus,
360 452 394 500 ut
425 442 621 500 existimarent
652 439 786 499 homines
818 439 963 516 Pompeio
994 454 1057 497 cum

116 544 241 603 Caesare
270 558 334 598 esse
362 541 521 614 negotium,
545 538 658 611 effecit;
689 538 786 614 itaque
813 536 882 608 iam,
908 546 941 595 ut
969 535 1059 604 video,

115 640 234 696 alteram
258 647 352 694 utram
376 635 415 694 ad
439 634 643 695 condicionem
666 633 843 694 descendere
862 633 926 694 volt
944 632 1059 703 Caesar,

116 747 148 794 ut
176 746 225 794 aut
252 742 369 792 maneat
400 751 497 808 neque
526 731 585 793 hoc
615 750 694 792 anno
726 746 785 791 sua·
809 731 883 790 ratio
915 731 1060 798 habeatur,

116 845 175 903 aut,
196 834 220 891 si
242 831 387 906 designari
412 830 525 906 poterit,
547 830 679 890 decedat.
722 849 768 888 10.
790 829 880 888 Curio
909 847 940 888 se
962 839 1062 887 contra

116 947 185 989 eum
213 938 306 986 totum
335 932 434 1003 parati
470 928 540 1004 quid
567 928 686 1002 adsequi
713 927 813 1003 possit,
841 927 961 985 nescio:
996 925 1062 983 illud

116 1027 210 1097 video,
235 1028 311 1084 bene
339 1026 519 1095 sentientem,
544 1026 597 1084 etsi
624 1025 695 1083 nihil
719 1025 853 1096 effecerit,
874 1023 980 1083 cadere
1004 1038 1063 1082 non

117 1141 214 1199 posse.
257 1123 308 1180 Me
330 1131 431 1180 tractat
452 1122 605 1181 liberaliter
623 1121 712 1180 Curio
733 1131 763 1180 et
781 1121 852 1179 milri
869 1138 925 1179 suo
943 1132 1063 1179 munere

117 1221 269 1295 negotium
297 1220 454 1295 imposuit3
489 1238 557 1277 nam
587 1220 623 1277 si·
638 1219 709 1276 mihi
737 1236 799 1277 non
824 1217 953 1277 dedisset
980 1217 1063 1286 feras,

117 1335 194 1392 quae
229 1316 267 1374 ad
301 1316 388 1374 ludos
422 1317 450 1375 ei
488 1316 624 1375 advectae
659 1325 741 1374 erant
774 1314 944 1386 Africanae,⁴
971 1315 1064 1390 potuit

118 1413 306 1489 supersederi.
342 1412 439 1482 Nunc,
455 1413 684 1490 quoniam‘dare
705 1430 824 1471 necesse
844 1421 896 1483 est,
911 1411 999 1469 velim
1015 1413 1064 1469 tihi

119 1529 204 1568 curae
232 1511 276 1579 sit,
304 1509 384 1585 quod
415 1527 433 1566 a
465 1521 494 1568 te
527 1527 643 1586 semper
670 1510 746 1585 petii,
774 1518 807 1567 ut
838 1508 946 1585 aliquid
980 1510 1064 1568 istinc

119 1609 275 1667 bestiarum
292 1607 460 1677 habeamus,
478 1606 686 1682 Sittianamque
705 1604 900 1683 syngrapham
919 1606 971 1664 tihi
986 1625 1065 1666 com-

119 1706 236 1765 mendo.
288 1703 438 1761 Libertum
465 1702 619 1762 Philonem
648 1705 723 1762 istoc
750 1705 815 1763 misi
842 1713 874 1762 et
898 1702 1065 1779 Diogenem

120 1804 275 1871 Graecum,
304 1801 410 1876 quihus
437 1801 574 1859 mandata
600 1809 630 1860 et
656 1802 762 1860 litteras
786 1802 824 1861 ad
847 1811 876 1860 te
899 1799 987 1861 dedit
1015 1816 1065 1860 eos

120 1901 172 1960 tibi
199 1910 228 1958 et
255 1917 333 1968 rem„
354 1899 391 1956 de
420 1916 478 1974 qua
504 1899 578 1968 misi,
599 1899 685 1957 velim
714 1916 799 1958 curae
825 1898 951 1970 habeas;
986 1912 1064 1968 nam,

121 2015 210 2074 quam
230 1994 416 2053 vehementer
436 1995 474 2053 ad
496 2013 543 2054 me
567 1997 717 2074 pertineat,
740 1996 770 2054 in
792 1996 835 2067 iis,
857 2013 931 2072 quas
953 1996 1005 2054 tibi
1028 1996 1066 2055 illi

120 2093 252 2164 reddent,
266 2092 364 2150 litteris
379 2091 526 2169 descripsi.

123 2249 140 2302 V
248 2269 296 2326 aa.
337 2264 402 2322 Ar>
433 2264 762 2325 aAmmrARus
794 2265 944 2330 vute.

308 2378 373 2441 Seu.
394 2399 489 2440 uuusu
510 2381 681 2452 Fuaupnmo
702 2399 784 2441 nuc.
807 2395 875 2456 704.
925 2434 927 2438 ,

420 2504 540 2546 emarus
560 2505 692 2547 cronnour
712 2484 774 2546 siu.
894 2485 897 2491 '

168 2614 193 2655 1.
215 2595 284 2656 Nou
312 2592 413 2654 dubito
441 2597 511 2672 quin
537 2588 680 2673 perlatum
708 2597 746 2654 ad
774 2607 803 2655 te
829 2595 873 2666 sit,
896 2595 1028 2672 Appium
1052 2615 1069 2654 a

123 2693 275 2752 Dolabella
296 2710 377 2751 reum
398 2692 515 2764 factum,
537 2712 606 2752 saue
627 2711 715 2769 quam
739 2711 801 2751 non
828 2710 871 2763 ea,
893 2710 953 2769 qua
972 2694 1069 2754 existi

123 2809 278 2861 maveram,
294 2790 415 2848 invidia:
437 2792 629 2867 nequeenim
649 2791 732 2849 stulte
751 2790 865 2866 Appius
875 2807 884 2861 ;
906 2791 964 2867 qui,
984 2791 1069 2850 simul

124 2902 211 2966 atque
231 2887 383 2946 Dolabella
402 2889 524 2946 accessit
544 2888 581 2946 ad
599 2888 732 2958 tribunal,
750 2888 896 2946 introierat
916 2889 947 2946 in
968 2889 1070 2947 urbem

123 2985 317 3061 triumphique
343 2985 567 3061 postulationem
594 2986 745 3054 abiecerat,
768 3001 828 3061 quo
852 2984 930 3043 facto
955 2971 1071 3044 rettudit

123 3094 272 3140 sermones
297 3082 480 3158 paratiorque
504 3083 581 3139 visus
606 3092 657 3152 est,
682 3099 770 3157 quam
795 3070 967 3158 speraverat*
986 3099 1071 3140 accu-

124 3188 208 3237 sator.
250 3178 282 3237 Is
304 3198 383 3237 nunc
403 3180 433 3236 in
454 3189 483 3238 te
504 3179 662 3236 maximam
687 3194 770 3254 spem
791 3177 887 3237 habet.
929 3177 998 3238 Seio
1021 3179 1072 3238 tibi

124 3293 192 3335 eum
216 3294 277 3335 non
303 3296 366 3337 esse
389 3279 477 3336 odio:
505 3271 595 3354 quam
620 3277 689 3335 velis
714 3286 787 3335 eum'
806 3277 943 3353 obligare,
968 3278 999 3336 in
1022 3288 1073 3336 tua

124 3390 214 3433 manu
229 3384 289 3448 est:
311 3391 378 3435 cum
391 3393 459 3455 ,quo
476 3377 516 3428 si„
525 3370 654 3435 simultas
673 3375 722 3435 tili
744 3393 805 3435 nou
826 3375 936 3448 luisset,
955 3374 1073 3436 liberius

1074 40 1108 111 .·l
