2498 3840
158 208 269 290 apsa]
398 221 509 270 aaran.
529 221 578 270 an
599 222 765 272 Arrromu
783 224 818 272 x.
836 230 864 272 1.
1038 213 1099 274 161

155 370 240 426 velim
255 371 358 428 iubeas
373 370 537 446 plurimum.
581 391 607 430 a.
629 373 680 431 Tu
693 383 775 432 tuum
795 373 949 432 consilium
969 374 1022 431 etsi
1040 391 1102 431 non

153 467 182 524 in
199 467 396 544 longinquum
416 479 530 544 tempus
550 469 748 530 differs—iam
768 472 847 530 enim
868 471 948 528 illum
970 482 1102 546 emptum

153 564 370 638 pacificatorem
390 583 542 641 perorasse
563 576 643 641 puto,
657 568 717 625 iam
738 578 835 625 actum
856 567 964 643 aliquid
984 585 1049 625 esse
1070 569 1101 625 in

151 680 295 720 consessu
320 671 651 722 senatorum—senatum
675 666 753 722 enim
775 682 836 722 non
856 675 979 740 puto—,
1002 674 1101 722 tamen

152 777 330 834 suspensum
343 778 392 817 me
404 761 473 818 inde
486 770 575 831 tenes,
588 761 640 820 sed
650 780 687 820 eo
701 763 805 832 minus,
817 762 897 837 quod
911 779 973 819 non
988 762 1101 833 dubito,

150 858 221 932 quid
235 858 323 914 nobis
337 858 484 932 agendum
498 867 590 934 putes.
626 858 685 930 Qui
700 860 778 916 enim
794 859 893 917 Flavio
907 858 1057 934 legionem
1072 870 1101 917 et

150 953 281 1012 Siciliam
295 954 356 1012 dari
370 955 479 1013 scribas
493 964 522 1013 et
535 955 565 1013 id
578 956 636 1013 iarn
651 957 719 1026 fieri,
732 975 806 1032 quae
820 966 852 1013 tu
867 956 977 1014 scelera
990 956 1098 1031 partim

149 1053 244 1126 parari
259 1053 319 1109 iam
334 1062 362 1109 et
380 1053 509 1127 cogitari,
524 1054 630 1128 partim
648 1073 685 1112 ex
705 1064 838 1130 tempore
858 1053 954 1112 futura
972 1055 1096 1112 censes?

149 1149 217 1225 Ego
230 1167 301 1207 vero
317 1149 440 1220 Solonis,
457 1151 604 1226 popularis
619 1152 667 1222 tui,
683 1162 714 1209 ut
729 1162 800 1227 puto
816 1151 904 1208 etiam
917 1151 983 1219 mei,
996 1150 1095 1225 legem

148 1248 316 1322 neglegam,
326 1247 375 1322 qui
385 1249 479 1324 capite
491 1250 594 1318 sanxit,
605 1250 629 1306 si
640 1250 690 1324 qui
704 1249 734 1307 in
750 1248 892 1306 seditione
906 1266 967 1305 non
982 1247 1097 1305 alterius

148 1347 241 1405 utrius
267 1346 356 1420 partis
379 1345 488 1416 luisset,
508 1353 541 1416 et,
564 1348 619 1406 nisi
644 1349 667 1405 si
692 1357 724 1406 tu
745 1348 825 1405 aliter
846 1365 956 1410 censes,
979 1357 1008 1404 et
1027 1347 1096 1405 hinc

134 1443 239 1508 ,abero
262 1452 292 1500 et
313 1443 398 1514 illim;
424 1444 476 1501 sed
497 1444 618 1502 alterum
639 1444 710 1502 mihi
731 1454 775 1502 est
798 1444 910 1515 certius
933 1463 989 1502 nec
1012 1462 1096 1519 prae·

148 1541 257 1616 cipiam
278 1551 392 1598 tamen:
415 1543 591 1616 exspectabo
609 1552 691 1599 tuum
706 1542 902 1599 consiliumet
917 1559 967 1599 eas
982 1541 1097 1611 litteras

150 1639 206 1695 nisi
220 1638 292 1696 alias
307 1639 366 1696 iam
380 1638 491 1709 dedisti,
501 1657 573 1715 quas
587 1639 687 1714 scripsi
700 1649 732 1696 ut
746 1637 918 1714 Cephalioni
933 1639 1025 1696 dares.
1044 1669 1047 1673 ·
1068 1657 1097 1712 3.

151 1734 244 1806 Quod
270 1734 380 1804 scribis,
402 1752 462 1792 non
488 1753 547 1811 quo
572 1736 688 1795 aliunde
709 1736 843 1806 audieris,
869 1737 923 1794 sed
947 1746 975 1793 te
999 1735 1096 1810 ipsum

151 1842 254 1907 putare
276 1849 325 1888 me
344 1841 495 1889 attractum
514 1833 556 1902 iri,
571 1833 595 1890 si
614 1832 651 1890 de
669 1850 742 1907 pace
761 1842 871 1908 agatur,
886 1831 956 1889 mihi
975 1833 1096 1890 omnino

151 1947 213 1986 non
228 1929 308 1986 venit
322 1929 353 1985 in
366 1939 504 2000 mentem,
519 1948 593 2005 quae
608 1931 700 2004 possit
715 1931 789 1988 actio
804 1930 921 1988 essede
934 1948 1015 2004 pace,
1028 1948 1096 1988 cum

152 2027 190 2084 illi
205 2026 399 2084 certissimum
421 2028 463 2097 sit,
481 2029 504 2086 si
526 2028 626 2103 possit,
647 2028 808 2103 exspoliare
830 2029 957 2086 exercitu
977 2037 1007 2086 et
1027 2045 1095 2102 pro-

151 2128 247 2184 vincia
261 2127 443 2202 Pompeium,
458 2129 513 2185 nisi
524 2128 596 2187 forte
610 2129 663 2186 iste
677 2129 856 2186 nummarius
870 2130 897 2186 ei
916 2138 1012 2204 potest
1030 2147 1096 2204 per-

149 2225 286 2294 suadere,
296 2235 335 2296 ut,
347 2225 416 2282 dum
431 2235 561 2284 oratores
575 2237 642 2284 eant
656 2236 684 2284 et
698 2225 825 2296 redeant,
842 2228 978 2303 quiescat.
999 2238 1002 2243 “
1016 2228 1095 2296 Nihil

152 2323 246 2392 video,
263 2322 343 2398 quod
359 2341 472 2396 sperem
487 2334 537 2381 aut
550 2324 630 2398 quod
644 2325 702 2381 iam
717 2333 817 2399 putem
835 2324 894 2382 fieri
914 2342 1020 2399 posse;
1043 2325 1096 2386 sed

150 2431 251 2477 tamen
266 2420 392 2476 hominis
407 2419 463 2477 hoc
478 2421 574 2495 ipsum
588 2422 672 2496 probi
686 2431 737 2479 est.
782 2420 926 2497 Magnum
941 2432 986 2480 est
1004 2432 1033 2479 et
1046 2430 1097 2478 τῶν

151 2519 357 2574 πολιτικωτάτων
375 2519 534 2588 σκεμμάτων,
549 2518 761 2577 veniendumne
777 2519 813 2577 sit
831 2519 862 2575 ln
880 2520 1034 2578 consillum
1053 2530 1096 2595 ly·

152 2611 246 2679 ranni,
262 2611 285 2667 si
300 2611 323 2669 is
338 2610 433 2687 aliqua
448 2611 484 2669 de
499 2630 530 2670 re
544 2613 624 2669 bona
644 2612 851 2671 deliberaturus
871 2614 922 2685 sit3
938 2631 997 2689 qua
1015 2632 1054 2683 re,
1070 2616 1095 2673 si

151 2707 224 2784 quid
247 2708 310 2765 eius
332 2708 413 2766 modi
434 2709 566 2778 evenerit,
587 2717 620 2766 ut
639 2710 940 2787 arcessamur—quod
960 2711 1095 2786 equidem

151 2823 213 2863 non
228 2822 317 2874 curo;
339 2805 409 2880 quid
423 2806 502 2863 enirn
521 2824 616 2863 essem
638 2805 673 2863 de
693 2825 765 2882 pace
785 2807 920 2878 dicturus,
936 2806 1011 2878 dixi;
1032 2809 1096 2883 ipse

151 2898 235 2955 valde
264 2897 472 2973 repudiavit-,
498 2899 550 2956 sed
578 2909 685 2972 tamen,
711 2901 735 2958 si
762 2900 832 2976 quid
861 2900 1001 2972 acciderit,
1025 2901 1095 2977 quid

151 3012 275 3052 censeas
289 2995 360 3050 milri
379 2994 553 3065 faciendum,
567 2996 665 3071 utique
683 2996 816 3067 scribito;
838 2996 908 3054 nihil
927 2997 1004 3055 enirn
1023 2998 1096 3074 mihi

150 3087 248 3147 adhuc
264 3088 376 3156 accidit,
392 3088 472 3162 quod
486 3090 603 3146 maioris
619 3090 730 3146 consilii
743 3098 828 3149 esset.
850 3145 852 3149 Α
871 3089 1008 3161 Trebatii,
1022 3092 1093 3154 boni

150 3182 203 3238 viri
232 3192 261 3237 et
288 3181 366 3250 civis,
387 3182 480 3238 verbis
509 3191 537 3238 te
564 3182 679 3256 gaudeo
704 3183 887 3254 delectatum,
907 3194 1014 3259 tuaque
1037 3166 1094 3245 ista

150 3275 253 3333 crebra
270 3275 414 3345 ἐκφώνησις
428 3272 554 3348 ‘irrepta’
569 3292 616 3332 me
637 3274 698 3333 sola
719 3276 814 3335 adhuc
836 3276 992 3335 delectavit.
1034 3278 1092 3336 Lit-

150 3385 227 3432 teras
245 3381 309 3431 tuas
329 3371 513 3431 vehementer
531 3382 678 3449 exspect0,
693 3391 765 3451 quas
787 3373 905 3452 quidem
926 3373 1021 3455 credo·
1034 3376 1094 3449 iam

613 3487 636 3530 u
