2392 3848
81 192 140 257 106
355 206 394 257 m
421 206 541 256 rmrrr
562 204 752 256 crosnoms
906 188 961 281 [aa

76 368 136 425 tuo,
160 356 257 416 multis
285 355 362 416 aliis:
392 356 417 417 si
445 356 606 434 praefectus
633 356 718 417 vellet
744 373 810 416 esse
838 373 971 435 syngrap

76 474 171 525 causa,
186 474 234 512 me
252 466 416 514 curaturum
435 465 467 513 ut
485 455 621 530 exigeret.
663 453 779 514 Gratias
797 455 868 530 egit,
882 457 977 514 disces

76 554 191 628 Appius
226 559 324 610 noster
357 561 466 610 turmas
498 551 609 626 aliquot
640 552 770 627 equitum
802 551 925 610 dederat
958 553 984 610 ln

77 650 202 726 Scapti0,
223 668 275 726 per
299 667 372 724 quas
400 648 572 706 Salaminios
593 656 746 719 coerceret,
768 657 797 706 et
821 649 952 708 eundem
972 649 989 708 h

75 750 176 805 buerat
194 746 388 822 praefectum
409 747 531 804 vexabat
551 745 731 805 Salaminios.
773 745 841 822 Ego
856 749 969 824 equites
985 768 997 807 ε

77 844 175 920 Cypro
195 843 334 902 decedere
355 843 440 901 iussi:
461 844 581 901 moleste
602 843 665 902 tulit
686 843 827 921 Scaptius.
874 863 921 905 11.
944 845 1004 918 Qui

76 942 184 1000 multa?
219 951 252 999 ut
280 942 308 998 ei
340 939 428 998 fidem
458 958 555 998 meam
587 952 773 1017 praestarem,
801 960 870 1001 cum
903 945 943 1003 ad
974 962 1010 1002 me

78 1039 224 1098 Salaminii
244 1039 370 1096 Tarsum
391 1037 537 1096 venissent
557 1047 586 1095 et
606 1038 636 1095 in
660 1039 694 1097 iis
720 1037 862 1115 Scaptius
884 1039 1016 1117 imperavi

76 1149 108 1196 ut
125 1139 279 1214 pecuniam
299 1136 450 1194 solverent.
493 1134 585 1194 Multa
607 1135 643 1194 de
664 1135 838 1213 syngrapha,
853 1136 890 1195 de
914 1136 1015 1213 Scaptii

77 1235 203 1292 iniuriis:
226 1234 328 1308 negavi
349 1250 397 1290 me
418 1232 526 1290 audire.
569 1231 711 1293 Hortatus
732 1251 807 1303 sum,
824 1235 914 1310 petivi
936 1236 1016 1294 etiarn

76 1350 130 1408 pro
154 1333 226 1388 meis
256 1331 286 1386 in
311 1330 453 1388 civitatem
478 1328 633 1400 beneficiis,
655 1339 687 1388 ut
715 1331 868 1406 negotium
894 1333 1016 1392 confice·

76 1439 158 1501 rent;
180 1429 304 1504 denique
322 1428 380 1486 dixi
400 1445 449 1485 me
464 1439 641 1486 coacturum.
683 1427 829 1486 Homines
848 1446 912 1487 non
931 1430 1017 1488 modo

75 1542 137 1583 non
161 1543 300 1596 recusare,
324 1525 376 1583 sed
400 1525 487 1583 etiam
512 1525 569 1582 hoc
594 1525 697 1596 dicere,
721 1543 752 1583 se
775 1543 794 1584 a
817 1544 866 1584 me
891 1527 1016 1598 solvere;

76 1622 157 1698 quod
174 1624 252 1681 enim
273 1623 396 1699 praetori
417 1623 485 1681 dare
507 1631 705 1693 consuessent,
725 1622 865 1698 quoniam
883 1642 942 1700 ego
962 1643 1017 1684 non

76 1738 254 1795 acceperam,
278 1739 309 1778 se
334 1739 352 1778 a
373 1738 421 1778 me
448 1720 578 1796 quodam
606 1719 696 1778 modo
722 1720 799 1790 dare,
822 1729 910 1797 atque
934 1723 1017 1780 etiam

76 1819 171 1876 minus
193 1836 258 1876 esse
280 1819 426 1894 aliquanto
448 1819 478 1875 in
500 1818 608 1892 Scaptii
628 1818 748 1876 nomine
771 1835 861 1892 quarn
884 1819 914 1876 in
936 1822 1017 1878 vecti·

76 1915 132 1989 gali
167 1916 319 1990 praetorio
372 1914 541 1974 Collaudavi
575 1915 718 1973 homines.
769 1913 898 1986 ‘Recte'
930 1917 1018 1992 inquit
1074 1978 1076 1983 ,

78 2012 209 2087 Scaptius
227 2013 296 2071 ‘sed
318 2012 513 2070 subducamus
534 2012 695 2070 summam!
737 2011 857 2070 Interim
877 2030 946 2073 cum
965 2032 1017 2090 ego

76 2111 106 2166 in
135 2110 228 2168 edicto
257 2111 394 2168 tralaticio
419 2111 592 2169 contesimas
616 2128 664 2167 me
688 2111 908 2168 observatumm
932 2110 1019 2169 habe·

76 2225 137 2264 rem
168 2225 235 2264 cum
267 2209 447 2265 anatocismo
479 2207 681 2277 anniversario,
710 2207 757 2264 ille
787 2225 825 2265 ex
855 2208 1019 2284 syngrapha

76 2305 241 2380 postulabat
265 2316 427 2382 quaternas.
471 2304 567 2376 ‘Quid
591 2305 669 2363 aisl'
700 2304 819 2380 inquam
844 2307 1018 2380 ‘possumne

77 2412 178 2459 contra
198 2420 296 2459 meum
318 2401 478 2461 edictumi'
508 2401 548 2460 At
568 2401 615 2459 ille
635 2401 744 2477 profert
767 2410 884 2460 senatus
907 2403 1019 2462 consul·

76 2509 138 2556 tum
166 2498 289 2557 Lentulo
319 2499 510 2575 Philippoque
538 2498 715 2570 consulibus,
740 2516 779 2556 vr
806 2516 856 2566 om
884 2497 1019 2560 Cmrcmrr

77 2614 241 2655 oarmnnnr
261 2615 304 2654 1vs
325 2615 363 2654 mr
384 2615 451 2654 mm
472 2613 640 2654 smonnrrrn
661 2613 793 2655 uremur.
840 2614 885 2654 ra.
910 2595 1020 2655 Cohor-

76 2694 119 2751 rui
144 2695 255 2769 primo;
288 2695 393 2752 etenim
418 2703 478 2751 erat
504 2693 635 2751 interitus
658 2693 796 2751 civitatis:
817 2694 940 2772 reperio
965 2694 1019 2752 duo

77 2801 194 2849 senatus
209 2792 341 2849 consulta
360 2792 453 2849 isdem
474 2791 640 2848 consulibus
660 2789 818 2848 decadem
838 2792 1005 2867 syngrapha
1012 2811 1019 2862 ;

78 2889 225 2948 Salaminii
246 2907 313 2947 cum
335 2888 448 2946 Romae
469 2905 615 2946 versuram
637 2886 730 2945 facere
753 2887 865 2956 vellent,
885 2905 947 2946 non
970 2906 1020 2964 po·

76 2998 179 3054 terant,
201 2988 281 3063 quod
302 2988 348 3044 lex
370 2986 496 3045 Gabinia
514 2987 636 3044 vetebat.
680 2984 759 3042 Tum
781 2985 815 3043 iis
837 2985 919 3044 Bruti
939 2986 1020 3045 sami·

76 3087 169 3155 hares,
191 3085 253 3143 freti
274 3085 365 3160 gratia
390 3083 479 3154 Bruti,
501 3083 570 3142 dare
590 3082 725 3141 volebant
745 3083 901 3157 quaternis,
922 3083 947 3141 si
969 3083 1020 3141 sibi

78 3195 194 3241 senatus
223 3183 354 3243 consulto
385 3192 538 3240 caveretur.
589 3180 635 3238 Fit
669 3181 760 3255 gratia
793 3178 874 3237 Bruti
905 3191 1020 3239 senatus

78 3280 249 3351 consultum,
274 3299 313 3340 vr
337 3299 413 3339 uuvu
439 3279 607 3338 Snuaunms
634 3296 710 3335 nava
738 3295 787 3343 ovi
814 3295 858 3335 ms
885 3294 1020 3336 Damasus

77 3396 184 3439 unavor
202 3395 303 3436 ussus:
323 3378 476 3456 pecuniam
499 3384 693 3432 numerarunt.
737 3368 801 3455 [Et]
823 3383 928 3450 postea
946 3374 1021 3432 venit
