2498 3840
147 194 210 256 204
419 188 457 241 M.
483 182 603 237 ronan
624 189 814 239 crosnonrs
966 172 1036 266 [rm
1050 191 1093 244 iv.

147 366 214 406 cum
229 343 372 405 secundas
387 345 474 403 etiam
489 363 536 404 res
550 355 672 416 nostras,
687 363 749 404 non
763 345 854 404 modo
869 345 1014 418 adversas,
1027 364 1095 424 per·

147 443 345 513 timescebam,
361 444 552 519 videbamque
567 454 676 520 quanto
695 445 821 520 periculo
839 444 876 502 de
893 445 955 503 iure
975 445 1094 522 publico

148 541 355 617 disceptaretur
378 541 482 612 armis3
505 542 609 618 quibus
631 542 655 598 si
675 541 694 599 ii
715 541 858 613 vicissent,
879 541 919 600 ad
938 559 1016 618 quos
1036 560 1095 618 ego

148 639 229 716 pacis
244 656 305 713 spe,
315 655 375 696 non
389 638 457 695 belli
471 637 627 714 cupiditate
641 638 782 697 adductus
797 657 986 712 accesseram,
995 649 1095 698 tamen

147 735 359 811 intellegebam,
375 744 404 794 et
418 736 555 793 iratorum
569 735 721 794 hominum
735 748 764 795 et
778 738 952 814 cupidorum
966 746 997 796 et
1014 737 1096 797 inso-

148 832 268 891 lentium
282 851 370 908 quarn
385 833 507 892 crudelis
523 841 599 893 esset
613 833 707 893 futura
720 835 845 906 victoria,
856 835 901 894 sin
916 843 1014 894 autern
1028 835 1099 895 victi

149 940 254 1001 essent,
261 939 385 1006 quantus
397 930 525 988 interitus
537 939 612 989 esset
622 932 734 991 futurus
745 932 850 991 civium
860 933 965 1009 partim
977 933 1099 1010 amplis·

149 1029 297 1100 simorum,
307 1028 410 1104 partim
425 1027 511 1085 etiam
525 1029 710 1104 optimorum,
719 1030 769 1106 qui
783 1049 831 1088 me
841 1029 915 1088 hacc
925 1030 1098 1106 praedicen-

149 1136 208 1184 tem
228 1135 314 1200 atque
334 1127 444 1201 optime
463 1126 663 1184 consulentem
678 1128 761 1186 saluti
776 1145 846 1186 suae
860 1127 1007 1186 malebant
1020 1128 1098 1186 nim-

148 1225 209 1282 ium
224 1223 357 1282 timidum
371 1240 460 1298 quam
479 1224 548 1281 satis
566 1224 739 1300 prudentem
753 1225 917 1285 existimari.
960 1245 987 1300 3.
1004 1225 1098 1297 Quod

149 1330 246 1382 autem
260 1320 331 1378 mihi
345 1320 382 1379 de
397 1337 442 1392 e0‚
451 1321 531 1395 quod
545 1323 662 1397 egerim,
671 1323 829 1399 gratularis,
838 1333 866 1382 te
880 1323 919 1381 ita
929 1324 1001 1382 velle
1015 1333 1098 1383 certo

149 1420 221 1490 scio,
231 1419 283 1477 sed
298 1436 354 1492 ego
369 1429 429 1476 tam
442 1420 549 1477 misero
562 1430 694 1495 tempore
708 1420 777 1479 nihil
792 1421 859 1479 novi
874 1422 987 1480 consilii
1001 1423 1098 1498 cepis-

150 1536 220 1589 sem,
231 1517 285 1575 nisi
296 1518 326 1575 in
337 1517 430 1575 reditu
440 1535 507 1576 meo
519 1517 608 1576 nihilo
618 1518 752 1577 meliores
763 1537 809 1578 res
820 1518 994 1578 domesticas
1005 1537 1098 1597 quam

149 1616 371 1693 rempublicam
386 1615 590 1675 offendissem:
609 1616 714 1694 quibus
728 1617 805 1674 enim
820 1634 874 1692 pro
888 1617 961 1675 meis
975 1618 1097 1677 immor·

149 1715 252 1774 talibus
267 1714 414 1772 beneficiis
428 1714 575 1772 carissima
588 1733 655 1774 mea
666 1714 741 1773 salus
753 1725 781 1774 et
791 1733 874 1774 meae
886 1714 1019 1775 fortunae
1030 1735 1097 1777 esse

149 1814 303 1883 debebant,
315 1827 382 1870 curn
397 1821 516 1888 propter
529 1830 631 1871 eorum
646 1812 739 1872 scelus
754 1812 823 1871 nihil
837 1813 908 1870 mihi
922 1814 997 1873 intra
1009 1833 1097 1876 meos

149 1910 272 1987 parietes
287 1919 387 1979 tutum,
400 1909 471 1967 nihil
484 1909 595 1968 insidiis
608 1927 732 1968 vacuum
745 1910 881 1980 viderem,
890 1929 1032 1970 novarum
1046 1931 1096 1973 me

149 2006 393 2067 necessitudinum
409 2007 543 2065 fidelitate
558 2016 659 2065 eontra
679 2016 807 2066 veterum
827 2009 978 2085 perfidiam
997 2013 1097 2070 muni·

150 2107 258 2164 endum
273 2106 379 2182 putavi.
422 2104 480 2163 Sed
496 2105 532 2165 de
547 2106 652 2164 nostris
666 2106 752 2165 rebus
767 2108 835 2165 satis
849 2107 893 2166 vel
912 2108 1000 2166 etiam
1017 2111 1096 2169 nim·

149 2205 210 2262 ium
224 2204 323 2261 multa.
366 2221 394 2276 4.
416 2203 462 2262 De
476 2203 532 2262 tuis
546 2203 631 2261 velim
645 2213 677 2262 ut
690 2220 726 2263 eo
746 2205 785 2262 sis
800 2205 906 2276 animo,
923 2224 983 2283 quo
1002 2207 1096 2267 debes

150 2319 223 2371 esse,
239 2300 268 2358 id
287 2309 339 2372 est,
353 2311 384 2360 ut
401 2319 438 2360 ne
453 2301 523 2376 quid
537 2300 589 2358 tibi
602 2301 756 2378 praecipue
770 2302 932 2361 timendum
946 2313 1048 2379 putes:
1070 2307 1096 2366 si

149 2399 228 2456 enim
250 2408 340 2456 status
361 2398 414 2457 erit
435 2399 538 2474 aliquis
559 2399 688 2470 civitatis,
703 2401 878 2476 quicumque
899 2401 960 2472 erit,
979 2411 1008 2460 te
1028 2421 1095 2462 om·

149 2499 230 2556 nium
249 2495 441 2572 periculorum
455 2497 540 2554 video
559 2506 709 2573 expertem
725 2498 804 2571 lore;
825 2517 893 2556 nam
914 2500 1020 2558 alteros
1042 2503 1096 2562 tibi

149 2596 208 2654 iam
223 2594 352 2671 placatos
366 2612 430 2652 esse
445 2594 587 2669 intellego,
598 2595 702 2653 alteros
716 2613 878 2671 numquam
892 2596 979 2656 iratos
993 2598 1093 2661 fuisse.

149 2693 196 2752 De
211 2710 278 2750 mea
291 2700 389 2750 autem
403 2691 433 2748 in
449 2700 477 2749 te
496 2693 641 2751 voluntate
661 2693 702 2752 sic
720 2692 805 2751 velim
824 2694 943 2766 iudices,
958 2713 1014 2767 me,
1028 2699 1096 2773 qui-

149 2790 331 2864 buscumque
356 2790 441 2848 rebus
464 2808 540 2866 opus
565 2808 629 2848 esse
652 2789 826 2866 intellegam,
849 2810 1027 2867 quamquam
1052 2797 1094 2855 vi.

150 2887 245 2958 deam,
256 2888 305 2964 qui
320 2887 375 2945 sim
389 2887 445 2946 hoc
459 2897 591 2964 tempore
605 2898 634 2947 et
644 2888 714 2963 quid
725 2890 845 2965 possim,
855 2908 945 2965 opera
956 2899 1056 2950 tamen
1066 2903 1096 2953 et

151 2985 282 3056 consilio,
298 2985 393 3044 studio
408 2985 526 3060 quidem
544 2995 621 3044 certe
635 2987 676 3044 rei
690 2985 783 3043 famae
798 2987 882 3045 saluti
896 2997 962 3046 tuae
976 2999 1095 3064 praesto

151 3083 287 3142 futurum.
329 3082 378 3141 Tu
403 3083 496 3155 velim,
520 3093 548 3142 et
572 3083 643 3159 quid
667 3102 738 3159 agas
762 3093 790 3143 et
815 3084 885 3160 quid
909 3095 1041 3146 acturum
1065 3098 1096 3150 te

152 3192 245 3260 putes,
259 3182 347 3241 facias
361 3199 409 3240 me
424 3200 512 3260 quam
528 3181 747 3258 diligentissime
762 3183 920 3242 certiorem.
