2498 3840
149 188 214 257 ¹³4
423 200 462 251 Μ.
489 202 609 252 rurrrr
629 196 818 253 oronnon'rs
861 194 880 235 '·
929 256 932 260 ,
984 186 1053 274 [rm
1068 205 1100 252 11.

145 346 341 418 uror-inciam,
363 364 420 424 aut,
442 357 466 415 si
486 376 543 433 per·
559 358 690 418 tribunos
710 359 749 434 pl.
768 376 829 416 non
847 356 980 434 patiatur,
999 367 1099 416 tamen

146 444 291 517 quiescat,
316 468 379 511 rem
407 453 512 513 adduci
540 456 578 514 ad
605 457 810 532 interregnum,
835 464 891 526 aut,
917 455 943 513 si
967 457 1008 514 ob
1035 474 1101 514 eam

148 558 281 614 caueant,
293 548 374 625 quod
388 551 460 609 ratio
476 553 537 610 eius
556 570 617 610 non
630 552 778 623 habeatur,
793 553 951 611 exercitum
965 553 1100 623 adducat,

148 642 242 699 aruris
267 662 335 705 curu
363 665 400 705 eo
428 649 613 716 contendere,
637 650 718 707 illum
745 659 843 708 autem
867 649 981 707 initium
1006 649 1101 709 lacere

151 752 303 803 urtuotutu
326 755 376 803 aut
400 746 497 804 statim
518 747 604 805 nobis
625 748 722 805 minus
742 749 849 822 paratis
870 756 919 806 aut
939 758 1010 818 tum,
1033 767 1102 806 cum

151 839 289 909 comitiis,
305 843 406 903 amicis
423 845 485 902 eius
499 845 720 920 postulantibus,
734 854 767 903 ut
784 863 801 903 e
820 845 885 921 lege
904 847 978 904 ratio
992 844 1101 904 habea·

153 944 209 1003 tur,
230 937 418 1017 impetratum
444 959 505 998 non
530 943 574 1012 sit,
596 942 637 999 ire
660 951 756 1000 autem
780 942 820 1001 ad
843 961 924 1001 arma
951 951 1001 1002 aut
1024 943 1103 1003 hanc

154 1051 246 1099 uuuut
270 1040 310 1099 ob
334 1059 460 1109 causam,
483 1041 563 1118 quod
583 1041 657 1099 ratio
681 1059 744 1099 non
764 1040 912 1112 habeatur,
933 1053 984 1101 aut
1004 1042 1104 1102 addita

156 1150 254 1203 causa,
269 1137 293 1195 si
308 1136 380 1199 forte
401 1139 531 1197 tribunus
550 1138 588 1215 pl.
605 1147 737 1196 senatum
757 1137 920 1215 impediens
941 1150 990 1198 aut
1008 1158 1104 1217 popu-

156 1228 218 1291 luut
232 1231 356 1294 lucitans
375 1244 491 1293 notatus
511 1249 560 1293 aut
580 1247 696 1293 senatus
717 1237 849 1296 consulto
868 1237 1105 1315 circumscriptus

159 1339 208 1391 aut
230 1331 360 1391 sublatus
382 1344 431 1391 aut
451 1333 587 1408 expulsus
612 1333 647 1390 sit
670 1332 805 1392 dicensve
830 1351 863 1392 se
886 1335 1043 1411 expulsum
1066 1339 1107 1398 ad

159 1424 239 1487 illum
265 1428 437 1506 confugerit,
460 1430 596 1505 suscepto
621 1439 718 1488 autem
742 1430 819 1488 bello
844 1441 892 1490 aut
916 1434 1044 1494 tenenda
1068 1438 1107 1497 sit

160 1525 229 1585 utba
245 1537 294 1587 uut
312 1546 348 1586 ea
365 1527 462 1585 relicta
481 1527 527 1584 ille
544 1537 710 1584 commeatu
729 1535 757 1586 et
775 1529 892 1604 reliquis
910 1531 1004 1606 copiis
1018 1532 1108 1591 inter-

162 1622 452 1702 cludendos-quod
466 1625 571 1682 horum
585 1624 736 1695 malorum,
751 1643 877 1700 quorum
892 1626 1010 1702 aliquod
1029 1641 1108 1691 certe

163 1722 347 1783 subeundum
369 1733 420 1794 est,
439 1722 591 1779 minimum
612 1732 712 1797 putes:
735 1741 760 1796 3.
786 1723 866 1782 dices
887 1725 1019 1800 profecto
1041 1747 1110 1805 per·

164 1821 278 1879 suaderi
300 1820 346 1889 illi,
368 1830 400 1878 ut
420 1817 514 1876 tradat
534 1819 694 1876 exercitum
716 1819 805 1877 etita
828 1822 932 1879 consul
953 1821 1011 1881 fiat.
1054 1824 1111 1886 Est

164 1920 285 1977 ‹ltuuino
300 1918 329 1976 id
344 1917 405 1975 eius
425 1916 515 1987 modi,
529 1925 569 1985 ut,
585 1915 610 1975 si
629 1915 674 1977 ille
694 1934 730 1974 eo
750 1916 916 1984 descendat,
930 1930 1033 1978 contra
1052 1922 1111 1983 dici

165 2016 234 2077 uihil
249 2017 348 2093 possit,
364 2015 451 2090 idque
470 2031 546 2083 eum,
563 2014 586 2072 si
606 2031 667 2071 non
681 2014 819 2086 obtineat,
834 2025 865 2073 ut
882 2017 955 2075 ratio
970 2017 1113 2080 habeatur

165 2113 312 2175 retinentis
333 2112 499 2182 exercitum,
522 2129 583 2168 non
605 2111 700 2170 facere
721 2112 824 2184 mirer;
846 2114 932 2171 nobis
953 2127 1058 2187 autem,
1078 2129 1113 2178 ut

166 2211 284 2289 quidam
299 2219 409 2287 putant,
424 2208 495 2266 nihil
510 2218 554 2266 est
572 2208 734 2266 timendum
749 2210 843 2284 magis
864 2229 953 2286 quam
971 2212 1017 2270 ille
1038 2233 1112 2274 con·

168 2309 220 2369 uul.
261 2310 313 2367 ‘At
327 2307 368 2366 sic
382 2305 476 2364 malo'
498 2307 611 2382 inquies
632 2311 737 2382 ‘quam
752 2324 819 2364 curn
834 2309 980 2366 exercitu'
1015 2310 1112 2375 Certe.

169 2405 226 2466 Sed
250 2406 327 2466 istud
351 2406 457 2481 ipsum,
482 2404 556 2470 dico,
581 2421 723 2478 magnum
751 2403 860 2461 malum
888 2416 970 2481 putat
998 2409 1112 2486 aliquis,

168 2523 262 2582 neque
290 2505 316 2562 ei
344 2502 505 2560 remedium
532 2510 576 2559 est
599 2500 698 2559 ullum.
741 2500 933 2560 ‘Cedendum
958 2514 1010 2575 est,
1033 2508 1057 2564 si
1082 2509 1114 2569 id

169 2602 261 2662 volet!
302 2599 379 2658 Vide
398 2598 549 2658 consulem
568 2598 647 2656 illurn
664 2598 776 2669 iterum,
791 2618 879 2675 quern
893 2601 986 2661 vidisti
1005 2621 1114 2663 consu-

169 2702 228 2763 latu
256 2700 359 2777 priore.
402 2696 458 2754 ‘At
486 2706 548 2755 tum
576 2696 737 2755 imbecillus
765 2697 846 2773 plus’
881 2697 974 2774 inquit
1008 2702 1116 2762 ‘valuit

170 2817 259 2878 quam
273 2806 392 2855 totores
408 2793 541 2869 publica’
584 2792 664 2865 Quid
678 2813 756 2852 nunc
770 2796 878 2870 putas?
900 2805 928 2853 et
942 2814 978 2854 eo
993 2801 1116 2861 consule

171 2896 313 2971 Pompeio
328 2903 437 2952 certum
452 2904 574 2950 estesse
594 2892 625 2948 in
640 2891 792 2968 Hispania.
835 2890 864 2951 O
882 2911 945 2950 rem
962 2895 1116 2957 miseram!

173 2995 196 3053 si
219 2993 337 3069 quidem
357 2990 387 3048 id
409 2991 505 3066 ipsum
527 2989 712 3049 deterrimum
733 2999 784 3060 est,
806 2990 887 3065 quod
907 2994 1034 3051 recusari
1054 3013 1117 3055 non

172 3101 277 3169 potest,
295 3099 323 3148 et
348 3088 429 3164 quod
453 3087 499 3146 ille
523 3088 547 3146 si
572 3087 665 3157 saciat,
690 3087 807 3144 iamiam
829 3087 955 3146 abonis
979 3091 1119 3151 omnibus

174 3206 319 3248 summam
346 3187 424 3245 ineat
448 3185 579 3262 gratiam.
623 3202 649 3256 4.
672 3183 824 3243 Tollamus
852 3184 936 3260 igitur
962 3182 1028 3259 hoc,
1056 3207 1119 3264 quo

175 3287 254 3346 illum
273 3303 361 3361 posse
378 3284 483 3342 adduci
501 3293 630 3359 negant:
653 3283 689 3341 de
707 3282 824 3359 reliquis
845 3283 916 3359 quid
936 3292 981 3342 est
1002 3285 1120 3345 deterri-

176 3384 277 3448 mum?
297 3383 458 3442 concedere
472 3381 519 3454 illi,
534 3382 622 3459 quod,
637 3391 669 3440 ut
683 3381 761 3439 idem
777 3381 855 3454 dicit,
870 3382 1120 3459 impudentissime
