<?xml version="1.0" encoding="UTF-8"?>
<!DOCTYPE html PUBLIC "-//W3C//DTD XHTML 1.0 Transitional//EN"
    "http://www.w3.org/TR/xhtml1/DTD/xhtml1-transitional.dtd">
<html xmlns="http://www.w3.org/1999/xhtml" xml:lang="en" lang="en">
 <head>
  <title>
</title>
<meta http-equiv="Content-Type" content="text/html;charset=utf-8" />
  <meta name='ocr-system' content='tesseract 3.04.00' />
  <meta name='ocr-capabilities' content='ocr_page ocr_carea ocr_par ocr_line ocrx_word'/>
</head>
<body>
  <div class='ocr_page' id='page_1' title='image "./epistolaeselect00cicegoog/epistolaeselect00cicegoog_0218.png"; bbox 0 0 2392 3848; ppageno 0'>
   <div class='ocr_carea' id='block_1_1' title="bbox 117 169 1038 255">
    <p class='ocr_par' dir='ltr' id='par_1_1' title="bbox 117 169 1038 255">
     <span class='ocr_line' id='line_1_1' title="bbox 117 169 1038 255; baseline -0.004 -19"><span class='ocrx_word' id='word_1_1' title='bbox 117 187 179 236; x_wconf 76' lang='lat'>202</span> <span class='ocrx_word' id='word_1_2' title='bbox 372 182 412 234; x_wconf 81' lang='lat' dir='ltr'>rr.</span> <span class='ocrx_word' id='word_1_3' title='bbox 438 182 561 232; x_wconf 77' lang='lat' dir='ltr'>ruam</span> <span class='ocrx_word' id='word_1_4' title='bbox 582 180 772 232; x_wconf 78' lang='lat' dir='ltr'>crcanours</span> <span class='ocrx_word' id='word_1_5' title='bbox 932 169 1038 255; x_wconf 68' lang='lat' dir='ltr'>[anu.</span> 
     </span>
    </p>
   </div>
   <div class='ocr_carea' id='block_1_2' title="bbox 115 337 1098 1587">
    <p class='ocr_par' dir='ltr' id='par_1_2' title="bbox 115 337 1098 1587">
     <span class='ocr_line' id='line_1_2' title="bbox 116 337 1040 416; baseline 0 -20"><span class='ocrx_word' id='word_1_6' title='bbox 116 337 275 414; x_wconf 89' lang='lat' dir='ltr'>prudentia,</span> <span class='ocrx_word' id='word_1_7' title='bbox 296 338 400 414; x_wconf 90' lang='lat' dir='ltr'>quibus</span> <span class='ocrx_word' id='word_1_8' title='bbox 419 338 506 397; x_wconf 89' lang='lat' dir='ltr'>rebus</span> <span class='ocrx_word' id='word_1_9' title='bbox 526 339 660 414; x_wconf 80' lang='lat' dir='ltr'>gaudeat,</span> <span class='ocrx_word' id='word_1_10' title='bbox 675 340 781 415; x_wconf 89' lang='lat' dir='ltr'>quibus</span> <span class='ocrx_word' id='word_1_11' title='bbox 797 338 929 416; x_wconf 81' lang='lat' dir='ltr'>capiatur</span> <span class='ocrx_word' id='word_1_12' title='bbox 945 337 1040 407; x_wconf 86' lang='lat' dir='ltr'>Caesar,</span> 
     </span>
     <span class='ocr_line' id='line_1_3' title="bbox 115 418 1098 514; baseline 0.001 -20"><span class='ocrx_word' id='word_1_13' title='bbox 115 446 198 495; x_wconf 91' lang='lat' dir='ltr'>tenes</span> <span class='ocrx_word' id='word_1_14' title='bbox 209 455 218 508; x_wconf 92' lang='lat'>;</span> <span class='ocrx_word' id='word_1_15' title='bbox 240 454 258 494; x_wconf 91' lang='lat' dir='ltr'>a</span> <span class='ocrx_word' id='word_1_16' title='bbox 281 446 309 494; x_wconf 88' lang='lat' dir='ltr'>te</span> <span class='ocrx_word' id='word_1_17' title='bbox 334 437 434 495; x_wconf 89' lang='lat' dir='ltr'>omnia</span> <span class='ocrx_word' id='word_1_18' title='bbox 457 436 679 512; x_wconf 87' lang='lat' dir='ltr'>proficiscantur</span> <span class='ocrx_word' id='word_1_19' title='bbox 702 447 732 496; x_wconf 89' lang='lat' dir='ltr'>et</span> <span class='ocrx_word' id='word_1_20' title='bbox 754 455 808 514; x_wconf 86' lang='lat' dir='ltr'>per</span> <span class='ocrx_word' id='word_1_21' title='bbox 831 447 861 496; x_wconf 90' lang='lat' dir='ltr'>te</span> <span class='ocrx_word' id='word_1_22' title='bbox 888 437 928 496; x_wconf 91' lang='lat' dir='ltr'>ad</span> <span class='ocrx_word' id='word_1_23' title='bbox 953 437 1043 496; x_wconf 85' lang='lat' dir='ltr'>exitum</span> <span class='ocrx_word' id='word_1_24' title='bbox 1096 418 1098 429; x_wconf 48' lang='lat'>¹</span> 
     </span>
     <span class='ocr_line' id='line_1_4' title="bbox 116 534 1098 612; baseline -0.001 -21"><span class='ocrx_word' id='word_1_25' title='bbox 116 535 309 611; x_wconf 86' lang='lat' dir='ltr'>perducantur</span> <span class='ocrx_word' id='word_1_26' title='bbox 326 552 446 593; x_wconf 90' lang='lat' dir='ltr'>necesse</span> <span class='ocrx_word' id='word_1_27' title='bbox 465 543 510 593; x_wconf 90' lang='lat' dir='ltr'>est</span> <span class='ocrx_word' id='word_1_28' title='bbox 520 553 528 607; x_wconf 91' lang='lat'>;</span> <span class='ocrx_word' id='word_1_29' title='bbox 550 536 629 610; x_wconf 86' lang='lat' dir='ltr'>apud</span> <span class='ocrx_word' id='word_1_30' title='bbox 648 537 744 612; x_wconf 91' lang='lat' dir='ltr'>ipsum</span> <span class='ocrx_word' id='word_1_31' title='bbox 762 535 895 605; x_wconf 86' lang='lat' dir='ltr'>multum,</span> <span class='ocrx_word' id='word_1_32' title='bbox 909 535 986 612; x_wconf 90' lang='lat' dir='ltr'>apud</span> <span class='ocrx_word' id='word_1_33' title='bbox 998 534 1044 592; x_wconf 86' lang='lat' dir='ltr'>eius</span> <span class='ocrx_word' id='word_1_34' title='bbox 1096 538 1098 573; x_wconf 66' lang='lat'>³</span> 
     </span>
     <span class='ocr_line' id='line_1_5' title="bbox 116 631 1047 708; baseline -0.002 -18"><span class='ocrx_word' id='word_1_35' title='bbox 116 650 220 690; x_wconf 91' lang='lat' dir='ltr'>omnes</span> <span class='ocrx_word' id='word_1_36' title='bbox 235 632 391 707; x_wconf 90' lang='lat' dir='ltr'>plurimum</span> <span class='ocrx_word' id='word_1_37' title='bbox 406 641 499 707; x_wconf 90' lang='lat' dir='ltr'>potes.</span> <span class='ocrx_word' id='word_1_38' title='bbox 542 634 568 690; x_wconf 88' lang='lat'>6.</span> <span class='ocrx_word' id='word_1_39' title='bbox 584 631 686 690; x_wconf 89' lang='lat' dir='ltr'>Unum</span> <span class='ocrx_word' id='word_1_40' title='bbox 700 633 752 691; x_wconf 92' lang='lat' dir='ltr'>tibi</span> <span class='ocrx_word' id='word_1_41' title='bbox 766 633 790 692; x_wconf 91' lang='lat' dir='ltr'>si</span> <span class='ocrx_word' id='word_1_42' title='bbox 803 634 989 708; x_wconf 82' lang='lat' dir='ltr'>persuaseris,</span> <span class='ocrx_word' id='word_1_43' title='bbox 998 649 1047 690; x_wconf 87' lang='lat' dir='ltr'>non</span> 
     </span>
     <span class='ocr_line' id='line_1_6' title="bbox 116 729 1049 805; baseline 0.002 -19"><span class='ocrx_word' id='word_1_44' title='bbox 116 729 174 787; x_wconf 92' lang='lat' dir='ltr'>hoc</span> <span class='ocrx_word' id='word_1_45' title='bbox 195 747 260 787; x_wconf 91' lang='lat' dir='ltr'>esse</span> <span class='ocrx_word' id='word_1_46' title='bbox 281 729 322 786; x_wconf 89' lang='lat' dir='ltr'>tui</span> <span class='ocrx_word' id='word_1_47' title='bbox 342 730 480 799; x_wconf 88' lang='lat' dir='ltr'>muneris,</span> <span class='ocrx_word' id='word_1_48' title='bbox 498 730 523 787; x_wconf 92' lang='lat' dir='ltr'>si</span> <span class='ocrx_word' id='word_1_49' title='bbox 541 729 612 805; x_wconf 91' lang='lat' dir='ltr'>quid</span> <span class='ocrx_word' id='word_1_50' title='bbox 630 739 750 805; x_wconf 88' lang='lat' dir='ltr'>rogatus</span> <span class='ocrx_word' id='word_1_51' title='bbox 769 729 867 800; x_wconf 84' lang='lat' dir='ltr'>fueris,</span> <span class='ocrx_word' id='word_1_52' title='bbox 883 741 917 790; x_wconf 93' lang='lat' dir='ltr'>ut</span> <span class='ocrx_word' id='word_1_53' title='bbox 935 730 1049 790; x_wconf 84' lang='lat' dir='ltr'>facias-</span> 
     </span>
     <span class='ocr_line' id='line_1_7' title="bbox 117 825 1050 904; baseline 0.002 -19"><span class='ocrx_word' id='word_1_54' title='bbox 117 845 294 904; x_wconf 89' lang='lat' dir='ltr'>quamquam</span> <span class='ocrx_word' id='word_1_55' title='bbox 309 825 339 884; x_wconf 95' lang='lat' dir='ltr'>id</span> <span class='ocrx_word' id='word_1_56' title='bbox 353 844 493 902; x_wconf 86' lang='lat' dir='ltr'>magnum</span> <span class='ocrx_word' id='word_1_57' title='bbox 508 836 537 885; x_wconf 91' lang='lat' dir='ltr'>et</span> <span class='ocrx_word' id='word_1_58' title='bbox 551 827 682 903; x_wconf 88' lang='lat' dir='ltr'>amplum</span> <span class='ocrx_word' id='word_1_59' title='bbox 696 837 787 898; x_wconf 81' lang='lat' dir='ltr'>est-,</span> <span class='ocrx_word' id='word_1_60' title='bbox 803 827 856 886; x_wconf 92' lang='lat' dir='ltr'>sed</span> <span class='ocrx_word' id='word_1_61' title='bbox 869 837 965 887; x_wconf 89' lang='lat' dir='ltr'>totum</span> <span class='ocrx_word' id='word_1_62' title='bbox 981 838 1050 887; x_wconf 90' lang='lat' dir='ltr'>tuum</span> 
     </span>
     <span class='ocr_line' id='line_1_8' title="bbox 117 925 1053 1000; baseline 0.001 -16"><span class='ocrx_word' id='word_1_63' title='bbox 117 944 181 984; x_wconf 90' lang='lat' dir='ltr'>esse</span> <span class='ocrx_word' id='word_1_64' title='bbox 200 943 283 996; x_wconf 91' lang='lat' dir='ltr'>onus,</span> <span class='ocrx_word' id='word_1_65' title='bbox 299 925 446 1000; x_wconf 88' lang='lat' dir='ltr'>perficies:</span> <span class='ocrx_word' id='word_1_66' title='bbox 468 925 524 983; x_wconf 91' lang='lat' dir='ltr'>nisi</span> <span class='ocrx_word' id='word_1_67' title='bbox 542 925 616 984; x_wconf 90' lang='lat' dir='ltr'>forte</span> <span class='ocrx_word' id='word_1_68' title='bbox 636 934 686 984; x_wconf 88' lang='lat' dir='ltr'>aut</span> <span class='ocrx_word' id='word_1_69' title='bbox 703 926 734 983; x_wconf 90' lang='lat' dir='ltr'>in</span> <span class='ocrx_word' id='word_1_70' title='bbox 747 926 865 986; x_wconf 88' lang='lat' dir='ltr'>miseria</span> <span class='ocrx_word' id='word_1_71' title='bbox 877 927 966 985; x_wconf 88' lang='lat' dir='ltr'>nimis</span> <span class='ocrx_word' id='word_1_72' title='bbox 979 926 1053 985; x_wconf 86' lang='lat' dir='ltr'>stulte</span> 
     </span>
     <span class='ocr_line' id='line_1_9' title="bbox 117 1023 1055 1100; baseline 0.003 -20"><span class='ocrx_word' id='word_1_73' title='bbox 117 1033 167 1081; x_wconf 89' lang='lat' dir='ltr'>aut</span> <span class='ocrx_word' id='word_1_74' title='bbox 180 1024 210 1080; x_wconf 92' lang='lat' dir='ltr'>in</span> <span class='ocrx_word' id='word_1_75' title='bbox 225 1023 350 1081; x_wconf 78' lang='lat' dir='ltr'>amicitIa</span> <span class='ocrx_word' id='word_1_76' title='bbox 364 1023 450 1081; x_wconf 90' lang='lat' dir='ltr'>nimis</span> <span class='ocrx_word' id='word_1_77' title='bbox 463 1023 647 1099; x_wconf 92' lang='lat' dir='ltr'>impudenter</span> <span class='ocrx_word' id='word_1_78' title='bbox 665 1023 716 1081; x_wconf 92' lang='lat' dir='ltr'>tibi</span> <span class='ocrx_word' id='word_1_79' title='bbox 736 1041 811 1082; x_wconf 92' lang='lat' dir='ltr'>onus</span> <span class='ocrx_word' id='word_1_80' title='bbox 829 1024 964 1100; x_wconf 91' lang='lat' dir='ltr'>impono.</span> <span class='ocrx_word' id='word_1_81' title='bbox 1003 1023 1055 1083; x_wconf 87' lang='lat' dir='ltr'>Sed</span> 
     </span>
     <span class='ocr_line' id='line_1_10' title="bbox 117 1121 1056 1196; baseline 0.003 -18"><span class='ocrx_word' id='word_1_82' title='bbox 117 1121 230 1196; x_wconf 90' lang='lat' dir='ltr'>utrique</span> <span class='ocrx_word' id='word_1_83' title='bbox 243 1121 284 1179; x_wconf 89' lang='lat' dir='ltr'>rei</span> <span class='ocrx_word' id='word_1_84' title='bbox 299 1121 518 1179; x_wconf 85' lang='lat' dir='ltr'>excusationem</span> <span class='ocrx_word' id='word_1_85' title='bbox 532 1131 599 1179; x_wconf 90' lang='lat' dir='ltr'>tuae</span> <span class='ocrx_word' id='word_1_86' title='bbox 613 1121 687 1180; x_wconf 87' lang='lat' dir='ltr'>vitae</span> <span class='ocrx_word' id='word_1_87' title='bbox 707 1121 888 1180; x_wconf 88' lang='lat' dir='ltr'>consuetudo</span> <span class='ocrx_word' id='word_1_88' title='bbox 907 1121 975 1180; x_wconf 88' lang='lat' dir='ltr'>dat:</span> <span class='ocrx_word' id='word_1_89' title='bbox 994 1140 1056 1181; x_wconf 87' lang='lat' dir='ltr'>nam</span> 
     </span>
     <span class='ocr_line' id='line_1_11' title="bbox 118 1218 1057 1295; baseline 0.002 -19"><span class='ocrx_word' id='word_1_90' title='bbox 118 1218 198 1295; x_wconf 93' lang='lat' dir='ltr'>quod</span> <span class='ocrx_word' id='word_1_91' title='bbox 227 1219 266 1276; x_wconf 88' lang='lat' dir='ltr'>ita</span> <span class='ocrx_word' id='word_1_92' title='bbox 293 1219 441 1276; x_wconf 89' lang='lat' dir='ltr'>consuesti</span> <span class='ocrx_word' id='word_1_93' title='bbox 468 1236 522 1294; x_wconf 87' lang='lat' dir='ltr'>pro</span> <span class='ocrx_word' id='word_1_94' title='bbox 550 1219 652 1277; x_wconf 90' lang='lat' dir='ltr'>amicis</span> <span class='ocrx_word' id='word_1_95' title='bbox 680 1219 820 1290; x_wconf 87' lang='lat' dir='ltr'>laborare,</span> <span class='ocrx_word' id='word_1_96' title='bbox 848 1237 909 1277; x_wconf 90' lang='lat' dir='ltr'>non</span> <span class='ocrx_word' id='word_1_97' title='bbox 937 1220 995 1278; x_wconf 87' lang='lat' dir='ltr'>iam</span> <span class='ocrx_word' id='word_1_98' title='bbox 1020 1219 1057 1278; x_wconf 90' lang='lat' dir='ltr'>sic</span> 
     </span>
     <span class='ocr_line' id='line_1_12' title="bbox 119 1315 1058 1392; baseline -0.002 -16"><span class='ocrx_word' id='word_1_99' title='bbox 119 1326 235 1392; x_wconf 88' lang='lat' dir='ltr'>sperant</span> <span class='ocrx_word' id='word_1_100' title='bbox 257 1317 310 1373; x_wconf 90' lang='lat' dir='ltr'>abs</span> <span class='ocrx_word' id='word_1_101' title='bbox 334 1326 371 1386; x_wconf 89' lang='lat' dir='ltr'>te,</span> <span class='ocrx_word' id='word_1_102' title='bbox 394 1316 446 1375; x_wconf 92' lang='lat' dir='ltr'>sed</span> <span class='ocrx_word' id='word_1_103' title='bbox 471 1317 558 1373; x_wconf 89' lang='lat' dir='ltr'>etiam</span> <span class='ocrx_word' id='word_1_104' title='bbox 584 1318 625 1374; x_wconf 84' lang='lat' dir='ltr'>sle</span> <span class='ocrx_word' id='word_1_105' title='bbox 649 1317 794 1392; x_wconf 83' lang='lat' dir='ltr'>Imperant</span> <span class='ocrx_word' id='word_1_106' title='bbox 820 1317 872 1375; x_wconf 91' lang='lat' dir='ltr'>tibi</span> <span class='ocrx_word' id='word_1_107' title='bbox 899 1315 1058 1377; x_wconf 86' lang='lat' dir='ltr'>familiares.</span> 
     </span>
     <span class='ocr_line' id='line_1_13' title="bbox 119 1413 1059 1493; baseline 0.004 -21"><span class='ocrx_word' id='word_1_108' title='bbox 119 1415 208 1486; x_wconf 91' lang='lat' dir='ltr'>Quod</span> <span class='ocrx_word' id='word_1_109' title='bbox 222 1414 260 1472; x_wconf 88' lang='lat' dir='ltr'>ad</span> <span class='ocrx_word' id='word_1_110' title='bbox 278 1414 383 1471; x_wconf 90' lang='lat' dir='ltr'>librum</span> <span class='ocrx_word' id='word_1_111' title='bbox 403 1414 511 1483; x_wconf 88' lang='lat' dir='ltr'>attinet,</span> <span class='ocrx_word' id='word_1_112' title='bbox 527 1432 615 1489; x_wconf 89' lang='lat' dir='ltr'>quem</span> <span class='ocrx_word' id='word_1_113' title='bbox 635 1414 686 1472; x_wconf 94' lang='lat' dir='ltr'>tibi</span> <span class='ocrx_word' id='word_1_114' title='bbox 705 1413 779 1472; x_wconf 91' lang='lat' dir='ltr'>filius</span> <span class='ocrx_word' id='word_1_115' title='bbox 799 1413 887 1486; x_wconf 86' lang='lat' dir='ltr'>dabit,</span> <span class='ocrx_word' id='word_1_116' title='bbox 902 1424 973 1493; x_wconf 87' lang='lat' dir='ltr'>peto</span> <span class='ocrx_word' id='word_1_117' title='bbox 990 1434 1009 1476; x_wconf 85' lang='lat' dir='ltr'>a</span> <span class='ocrx_word' id='word_1_118' title='bbox 1025 1425 1059 1487; x_wconf 85' lang='lat' dir='ltr'>te,</span> 
     </span>
     <span class='ocr_line' id='line_1_14' title="bbox 119 1511 796 1587; baseline 0 -18"><span class='ocrx_word' id='word_1_119' title='bbox 119 1531 156 1572; x_wconf 91' lang='lat' dir='ltr'>ne</span> <span class='ocrx_word' id='word_1_120' title='bbox 171 1523 263 1583; x_wconf 82' lang='lat' dir='ltr'>exeat,</span> <span class='ocrx_word' id='word_1_121' title='bbox 278 1522 328 1570; x_wconf 88' lang='lat' dir='ltr'>aut</span> <span class='ocrx_word' id='word_1_122' title='bbox 341 1513 381 1569; x_wconf 87' lang='lat' dir='ltr'>ita</span> <span class='ocrx_word' id='word_1_123' title='bbox 396 1513 532 1587; x_wconf 84' lang='lat' dir='ltr'>corrigas,</span> <span class='ocrx_word' id='word_1_124' title='bbox 546 1530 584 1569; x_wconf 90' lang='lat' dir='ltr'>ne</span> <span class='ocrx_word' id='word_1_125' title='bbox 598 1511 669 1569; x_wconf 91' lang='lat' dir='ltr'>mihi</span> <span class='ocrx_word' id='word_1_126' title='bbox 683 1520 796 1570; x_wconf 81' lang='lat' dir='ltr'>noceat</span> 
     </span>
    </p>
   </div>
   <div class='ocr_carea' id='block_1_3' title="bbox 293 1666 889 1729">
    <p class='ocr_par' dir='ltr' id='par_1_3' title="bbox 293 1666 889 1729">
     <span class='ocr_line' id='line_1_15' title="bbox 293 1666 889 1729; baseline 0.007 -4"><span class='ocrx_word' id='word_1_127' title='bbox 293 1670 341 1726; x_wconf 84' lang='lat'>93.</span> <span class='ocrx_word' id='word_1_128' title='bbox 382 1667 439 1724; x_wconf 87' lang='lat' dir='ltr'>AD</span> <span class='ocrx_word' id='word_1_129' title='bbox 460 1666 712 1727; x_wconf 86' lang='lat' dir='ltr'><strong>FAMILIARES</strong></span> <span class='ocrx_word' id='word_1_130' title='bbox 734 1667 821 1728; x_wconf 89' lang='lat' dir='ltr'><strong>XIII.</strong></span> <span class='ocrx_word' id='word_1_131' title='bbox 841 1685 889 1729; x_wconf 85' lang='lat'>11.</span> 
     </span>
    </p>
   </div>
   <div class='ocr_carea' id='block_1_4' title="bbox 397 1780 791 1950">
    <p class='ocr_par' dir='ltr' id='par_1_4' title="bbox 397 1780 791 1950">
     <span class='ocr_line' id='line_1_16' title="bbox 397 1780 791 1856; baseline 0.01 -18"><span class='ocrx_word' id='word_1_132' title='bbox 397 1780 463 1841; x_wconf 77' lang='lat' dir='ltr'>Sca.</span> <span class='ocrx_word' id='word_1_133' title='bbox 486 1781 596 1841; x_wconf 80' lang='lat' dir='ltr'>Rouna</span> <span class='ocrx_word' id='word_1_134' title='bbox 617 1800 701 1842; x_wconf 72' lang='lat' dir='ltr'>nuc.</span> <span class='ocrx_word' id='word_1_135' title='bbox 723 1785 791 1856; x_wconf 82' lang='lat'><strong>708.</strong></span> 
     </span>
     <span class='ocr_line' id='line_1_17' title="bbox 440 1905 744 1950; baseline 0.007 -2"><span class='ocrx_word' id='word_1_136' title='bbox 440 1905 544 1948; x_wconf 80' lang='lat' dir='ltr'>crcrro</span> <span class='ocrx_word' id='word_1_137' title='bbox 565 1906 661 1948; x_wconf 79' lang='lat' dir='ltr'>sauro</span> <span class='ocrx_word' id='word_1_138' title='bbox 682 1907 744 1950; x_wconf 70' lang='lat' dir='ltr'>sar..</span> 
     </span>
    </p>
   </div>
   <div class='ocr_carea' id='block_1_5' title="bbox 119 2000 1066 3452">
    <p class='ocr_par' dir='ltr' id='par_1_5' title="bbox 119 2000 1066 3452">
     <span class='ocr_line' id='line_1_18' title="bbox 163 2000 1062 2081; baseline 0.002 -18"><span class='ocrx_word' id='word_1_139' title='bbox 163 2022 189 2064; x_wconf 88' lang='lat'>1.</span> <span class='ocrx_word' id='word_1_140' title='bbox 210 2003 291 2075; x_wconf 79' lang='lat' dir='ltr'>Qun</span> <span class='ocrx_word' id='word_1_141' title='bbox 309 2019 423 2077; x_wconf 87' lang='lat' dir='ltr'>semper</span> <span class='ocrx_word' id='word_1_142' title='bbox 442 2000 630 2059; x_wconf 85' lang='lat' dir='ltr'>animadverti</span> <span class='ocrx_word' id='word_1_143' title='bbox 650 2002 779 2062; x_wconf 92' lang='lat' dir='ltr'>studiose</span> <span class='ocrx_word' id='word_1_144' title='bbox 799 2011 828 2063; x_wconf 90' lang='lat' dir='ltr'>te</span> <span class='ocrx_word' id='word_1_145' title='bbox 847 2023 969 2081; x_wconf 86' lang='lat' dir='ltr'>operam</span> <span class='ocrx_word' id='word_1_146' title='bbox 989 2005 1062 2077; x_wconf 90' lang='lat' dir='ltr'>dare,</span> 
     </span>
     <span class='ocr_line' id='line_1_19' title="bbox 119 2099 1064 2178; baseline 0.001 -19"><span class='ocrx_word' id='word_1_147' title='bbox 119 2110 152 2159; x_wconf 92' lang='lat' dir='ltr'>ut</span> <span class='ocrx_word' id='word_1_148' title='bbox 176 2120 213 2158; x_wconf 93' lang='lat' dir='ltr'>ne</span> <span class='ocrx_word' id='word_1_149' title='bbox 235 2100 305 2177; x_wconf 81' lang='lat' dir='ltr'>quId</span> <span class='ocrx_word' id='word_1_150' title='bbox 329 2116 461 2156; x_wconf 91' lang='lat' dir='ltr'>meorum</span> <span class='ocrx_word' id='word_1_151' title='bbox 485 2099 536 2156; x_wconf 89' lang='lat' dir='ltr'>tibi</span> <span class='ocrx_word' id='word_1_152' title='bbox 560 2108 638 2158; x_wconf 90' lang='lat' dir='ltr'>esset</span> <span class='ocrx_word' id='word_1_153' title='bbox 661 2100 804 2174; x_wconf 88' lang='lat' dir='ltr'>ignotum,</span> <span class='ocrx_word' id='word_1_154' title='bbox 825 2113 983 2178; x_wconf 88' lang='lat' dir='ltr'>propterea</span> <span class='ocrx_word' id='word_1_155' title='bbox 1006 2121 1064 2162; x_wconf 91' lang='lat' dir='ltr'>non</span> 
     </span>
     <span class='ocr_line' id='line_1_20' title="bbox 121 2197 1064 2277; baseline 0.003 -21"><span class='ocrx_word' id='word_1_156' title='bbox 121 2199 222 2257; x_wconf 91' lang='lat' dir='ltr'>dubito</span> <span class='ocrx_word' id='word_1_157' title='bbox 244 2199 313 2274; x_wconf 90' lang='lat' dir='ltr'>quin</span> <span class='ocrx_word' id='word_1_158' title='bbox 336 2197 419 2266; x_wconf 73' lang='lat' dir='ltr'>scias</span> <span class='ocrx_word' id='word_1_159' title='bbox 442 2214 503 2254; x_wconf 90' lang='lat' dir='ltr'>non</span> <span class='ocrx_word' id='word_1_160' title='bbox 528 2197 623 2255; x_wconf 90' lang='lat' dir='ltr'>solum</span> <span class='ocrx_word' id='word_1_161' title='bbox 648 2199 730 2257; x_wconf 90' lang='lat' dir='ltr'>cuius</span> <span class='ocrx_word' id='word_1_162' title='bbox 753 2200 902 2277; x_wconf 91' lang='lat' dir='ltr'>municipii</span> <span class='ocrx_word' id='word_1_163' title='bbox 927 2201 994 2272; x_wconf 89' lang='lat' dir='ltr'>sim,</span> <span class='ocrx_word' id='word_1_164' title='bbox 1015 2200 1064 2259; x_wconf 90' lang='lat' dir='ltr'>sed</span> 
     </span>
     <span class='ocr_line' id='line_1_21' title="bbox 120 2293 1064 2378; baseline 0.002 -25"><span class='ocrx_word' id='word_1_165' title='bbox 120 2296 216 2365; x_wconf 86' lang='lat' dir='ltr'>etiam,</span> <span class='ocrx_word' id='word_1_166' title='bbox 240 2314 329 2371; x_wconf 90' lang='lat' dir='ltr'>quam</span> <span class='ocrx_word' id='word_1_167' title='bbox 358 2294 509 2370; x_wconf 86' lang='lat' dir='ltr'>diligenter</span> <span class='ocrx_word' id='word_1_168' title='bbox 538 2295 647 2353; x_wconf 89' lang='lat' dir='ltr'>soleam</span> <span class='ocrx_word' id='word_1_169' title='bbox 672 2313 755 2354; x_wconf 92' lang='lat' dir='ltr'>meos</span> <span class='ocrx_word' id='word_1_170' title='bbox 779 2297 943 2372; x_wconf 90' lang='lat' dir='ltr'>municipes</span> <span class='ocrx_word' id='word_1_171' title='bbox 968 2293 1064 2378; x_wconf 90' lang='lat' dir='ltr'>[Arpi-</span> 
     </span>
     <span class='ocr_line' id='line_1_22' title="bbox 121 2390 1065 2473; baseline 0.004 -23"><span class='ocrx_word' id='word_1_172' title='bbox 121 2390 215 2471; x_wconf 79' lang='lat' dir='ltr'>nates]</span> <span class='ocrx_word' id='word_1_173' title='bbox 235 2394 324 2450; x_wconf 87' lang='lat' dir='ltr'>tueri:</span> <span class='ocrx_word' id='word_1_174' title='bbox 346 2411 471 2467; x_wconf 92' lang='lat' dir='ltr'>quorum</span> <span class='ocrx_word' id='word_1_175' title='bbox 486 2393 604 2468; x_wconf 90' lang='lat' dir='ltr'>quidem</span> <span class='ocrx_word' id='word_1_176' title='bbox 619 2394 718 2451; x_wconf 88' lang='lat' dir='ltr'>omnia</span> <span class='ocrx_word' id='word_1_177' title='bbox 732 2393 890 2453; x_wconf 89' lang='lat' dir='ltr'>commoda</span> <span class='ocrx_word' id='word_1_178' title='bbox 904 2412 1065 2473; x_wconf 89' lang='lat' dir='ltr'>omnesque</span> 
     </span>
     <span class='ocr_line' id='line_1_23' title="bbox 121 2489 1066 2566; baseline 0.003 -19"><span class='ocrx_word' id='word_1_179' title='bbox 121 2489 278 2559; x_wconf 85' lang='lat' dir='ltr'>facultates,</span> <span class='ocrx_word' id='word_1_180' title='bbox 294 2491 399 2566; x_wconf 88' lang='lat' dir='ltr'>quibus</span> <span class='ocrx_word' id='word_1_181' title='bbox 419 2500 448 2548; x_wconf 92' lang='lat' dir='ltr'>et</span> <span class='ocrx_word' id='word_1_182' title='bbox 467 2508 549 2549; x_wconf 89' lang='lat' dir='ltr'>sacra</span> <span class='ocrx_word' id='word_1_183' title='bbox 569 2491 712 2549; x_wconf 88' lang='lat' dir='ltr'>conficere</span> <span class='ocrx_word' id='word_1_184' title='bbox 728 2501 757 2548; x_wconf 91' lang='lat' dir='ltr'>et</span> <span class='ocrx_word' id='word_1_185' title='bbox 771 2501 847 2549; x_wconf 83' lang='lat' dir='ltr'>sarta</span> <span class='ocrx_word' id='word_1_186' title='bbox 861 2501 937 2550; x_wconf 88' lang='lat' dir='ltr'>tecta</span> <span class='ocrx_word' id='word_1_187' title='bbox 951 2493 1066 2552; x_wconf 89' lang='lat' dir='ltr'>aedium</span> 
     </span>
     <span class='ocr_line' id='line_1_24' title="bbox 121 2588 1065 2665; baseline 0.003 -19"><span class='ocrx_word' id='word_1_188' title='bbox 121 2606 267 2646; x_wconf 89' lang='lat' dir='ltr'>sacrarum</span> <span class='ocrx_word' id='word_1_189' title='bbox 288 2588 477 2664; x_wconf 91' lang='lat' dir='ltr'>locorumque</span> <span class='ocrx_word' id='word_1_190' title='bbox 498 2589 699 2647; x_wconf 90' lang='lat' dir='ltr'>communium</span> <span class='ocrx_word' id='word_1_191' title='bbox 719 2590 793 2647; x_wconf 88' lang='lat' dir='ltr'>tueri</span> <span class='ocrx_word' id='word_1_192' title='bbox 814 2590 934 2665; x_wconf 88' lang='lat' dir='ltr'>possint,</span> <span class='ocrx_word' id='word_1_193' title='bbox 958 2591 1065 2649; x_wconf 92' lang='lat' dir='ltr'>consis-</span> 
     </span>
     <span class='ocr_line' id='line_1_25' title="bbox 121 2687 1064 2764; baseline 0.003 -20"><span class='ocrx_word' id='word_1_194' title='bbox 121 2695 185 2744; x_wconf 90' lang='lat' dir='ltr'>tunt</span> <span class='ocrx_word' id='word_1_195' title='bbox 201 2687 231 2744; x_wconf 93' lang='lat' dir='ltr'>in</span> <span class='ocrx_word' id='word_1_196' title='bbox 252 2687 286 2745; x_wconf 93' lang='lat' dir='ltr'>iis</span> <span class='ocrx_word' id='word_1_197' title='bbox 306 2687 501 2764; x_wconf 87' lang='lat' dir='ltr'>vectigalibus,</span> <span class='ocrx_word' id='word_1_198' title='bbox 517 2706 592 2764; x_wconf 88' lang='lat' dir='ltr'>quae</span> <span class='ocrx_word' id='word_1_199' title='bbox 613 2688 722 2746; x_wconf 89' lang='lat' dir='ltr'>habent</span> <span class='ocrx_word' id='word_1_200' title='bbox 742 2689 772 2746; x_wconf 89' lang='lat' dir='ltr'>in</span> <span class='ocrx_word' id='word_1_201' title='bbox 793 2689 943 2764; x_wconf 88' lang='lat' dir='ltr'>provincia</span> <span class='ocrx_word' id='word_1_202' title='bbox 964 2687 1064 2748; x_wconf 87' lang='lat' dir='ltr'>Gallia.</span> 
     </span>
     <span class='ocr_line' id='line_1_26' title="bbox 121 2784 1064 2862; baseline 0.002 -20"><span class='ocrx_word' id='word_1_203' title='bbox 121 2784 169 2842; x_wconf 85' lang='lat' dir='ltr'>Ad</span> <span class='ocrx_word' id='word_1_204' title='bbox 183 2803 218 2844; x_wconf 89' lang='lat' dir='ltr'>ea</span> <span class='ocrx_word' id='word_1_205' title='bbox 232 2785 352 2843; x_wconf 89' lang='lat' dir='ltr'>visenda</span> <span class='ocrx_word' id='word_1_206' title='bbox 365 2785 572 2862; x_wconf 90' lang='lat' dir='ltr'>pecuniasque,</span> <span class='ocrx_word' id='word_1_207' title='bbox 587 2804 662 2861; x_wconf 88' lang='lat' dir='ltr'>quae</span> <span class='ocrx_word' id='word_1_208' title='bbox 676 2805 694 2844; x_wconf 89' lang='lat' dir='ltr'>a</span> <span class='ocrx_word' id='word_1_209' title='bbox 708 2786 820 2844; x_wconf 91' lang='lat' dir='ltr'>colonis</span> <span class='ocrx_word' id='word_1_210' title='bbox 840 2785 993 2857; x_wconf 90' lang='lat' dir='ltr'>debentur,</span> <span class='ocrx_word' id='word_1_211' title='bbox 1008 2788 1064 2844; x_wconf 83' lang='lat' dir='ltr'>exi·</span> 
     </span>
     <span class='ocr_line' id='line_1_27' title="bbox 121 2883 1065 2959; baseline 0 -18"><span class='ocrx_word' id='word_1_212' title='bbox 121 2884 233 2959; x_wconf 88' lang='lat' dir='ltr'>gendas</span> <span class='ocrx_word' id='word_1_213' title='bbox 252 2892 402 2959; x_wconf 87' lang='lat' dir='ltr'>totamque</span> <span class='ocrx_word' id='word_1_214' title='bbox 422 2901 483 2941; x_wconf 90' lang='lat' dir='ltr'>rem</span> <span class='ocrx_word' id='word_1_215' title='bbox 503 2897 531 2942; x_wconf 92' lang='lat' dir='ltr'>et</span> <span class='ocrx_word' id='word_1_216' title='bbox 552 2884 791 2959; x_wconf 90' lang='lat' dir='ltr'>cognoscendam</span> <span class='ocrx_word' id='word_1_217' title='bbox 814 2891 842 2942; x_wconf 91' lang='lat' dir='ltr'>et</span> <span class='ocrx_word' id='word_1_218' title='bbox 862 2883 1065 2943; x_wconf 88' lang='lat' dir='ltr'>administran-</span> 
     </span>
     <span class='ocr_line' id='line_1_28' title="bbox 122 2980 1065 3057; baseline 0.002 -19"><span class='ocrx_word' id='word_1_219' title='bbox 122 2982 189 3040; x_wconf 87' lang='lat' dir='ltr'>dam</span> <span class='ocrx_word' id='word_1_220' title='bbox 217 2982 328 3057; x_wconf 87' lang='lat' dir='ltr'>legatos</span> <span class='ocrx_word' id='word_1_221' title='bbox 357 2982 468 3057; x_wconf 89' lang='lat' dir='ltr'>equites</span> <span class='ocrx_word' id='word_1_222' title='bbox 500 2981 654 3039; x_wconf 89' lang='lat' dir='ltr'>Romanos</span> <span class='ocrx_word' id='word_1_223' title='bbox 687 2981 826 3052; x_wconf 90' lang='lat' dir='ltr'>misimus,</span> <span class='ocrx_word' id='word_1_224' title='bbox 857 2980 894 3052; x_wconf 90' lang='lat' dir='ltr'>Q.</span> <span class='ocrx_word' id='word_1_225' title='bbox 921 2980 1065 3040; x_wconf 89' lang='lat' dir='ltr'>Fufidium</span> 
     </span>
     <span class='ocr_line' id='line_1_29' title="bbox 122 3076 1066 3152; baseline 0.002 -16"><span class='ocrx_word' id='word_1_226' title='bbox 122 3080 161 3152; x_wconf 92' lang='lat' dir='ltr'>Q.</span> <span class='ocrx_word' id='word_1_227' title='bbox 177 3080 204 3150; x_wconf 76' lang='lat' dir='ltr'>f,</span> <span class='ocrx_word' id='word_1_228' title='bbox 220 3080 262 3138; x_wconf 87' lang='lat' dir='ltr'>M.</span> <span class='ocrx_word' id='word_1_229' title='bbox 277 3080 417 3138; x_wconf 89' lang='lat' dir='ltr'>Faucium</span> <span class='ocrx_word' id='word_1_230' title='bbox 437 3078 479 3136; x_wconf 92' lang='lat' dir='ltr'>M.</span> <span class='ocrx_word' id='word_1_231' title='bbox 493 3078 521 3149; x_wconf 82' lang='lat' dir='ltr'>f,</span> <span class='ocrx_word' id='word_1_232' title='bbox 536 3077 573 3149; x_wconf 89' lang='lat' dir='ltr'>Q.</span> <span class='ocrx_word' id='word_1_233' title='bbox 592 3077 774 3136; x_wconf 89' lang='lat' dir='ltr'>Mamercum</span> <span class='ocrx_word' id='word_1_234' title='bbox 795 3076 867 3149; x_wconf 87' lang='lat' dir='ltr'><strong>Q.f.</strong></span> <span class='ocrx_word' id='word_1_235' title='bbox 911 3099 937 3138; x_wconf 82' lang='lat'>2.</span> <span class='ocrx_word' id='word_1_236' title='bbox 958 3080 1031 3139; x_wconf 89' lang='lat' dir='ltr'>Peto</span> <span class='ocrx_word' id='word_1_237' title='bbox 1049 3099 1066 3138; x_wconf 91' lang='lat' dir='ltr'>a</span> 
     </span>
     <span class='ocr_line' id='line_1_30' title="bbox 123 3177 1065 3251; baseline 0 -15"><span class='ocrx_word' id='word_1_238' title='bbox 123 3189 151 3236; x_wconf 90' lang='lat' dir='ltr'>te</span> <span class='ocrx_word' id='word_1_239' title='bbox 165 3180 195 3236; x_wconf 91' lang='lat' dir='ltr'>in</span> <span class='ocrx_word' id='word_1_240' title='bbox 209 3180 350 3236; x_wconf 87' lang='lat' dir='ltr'>maiorem</span> <span class='ocrx_word' id='word_1_241' title='bbox 364 3178 486 3236; x_wconf 89' lang='lat' dir='ltr'>modum</span> <span class='ocrx_word' id='word_1_242' title='bbox 501 3194 555 3251; x_wconf 93' lang='lat' dir='ltr'>pro</span> <span class='ocrx_word' id='word_1_243' title='bbox 570 3185 670 3233; x_wconf 90' lang='lat' dir='ltr'>nostra</span> <span class='ocrx_word' id='word_1_244' title='bbox 684 3177 906 3246; x_wconf 89' lang='lat' dir='ltr'>necessitudine,</span> <span class='ocrx_word' id='word_1_245' title='bbox 921 3186 954 3235; x_wconf 90' lang='lat' dir='ltr'>ut</span> <span class='ocrx_word' id='word_1_246' title='bbox 968 3178 1019 3236; x_wconf 93' lang='lat' dir='ltr'>tibi</span> <span class='ocrx_word' id='word_1_247' title='bbox 1032 3196 1065 3236; x_wconf 85' lang='lat' dir='ltr'>ea</span> 
     </span>
     <span class='ocr_line' id='line_1_31' title="bbox 121 3272 1063 3351; baseline 0 -17"><span class='ocrx_word' id='word_1_248' title='bbox 121 3294 168 3334; x_wconf 93' lang='lat' dir='ltr'>res</span> <span class='ocrx_word' id='word_1_249' title='bbox 187 3294 272 3333; x_wconf 88' lang='lat' dir='ltr'>curae</span> <span class='ocrx_word' id='word_1_250' title='bbox 292 3277 329 3333; x_wconf 90' lang='lat' dir='ltr'>sit</span> <span class='ocrx_word' id='word_1_251' title='bbox 347 3291 525 3351; x_wconf 87' lang='lat' dir='ltr'>operamque</span> <span class='ocrx_word' id='word_1_252' title='bbox 546 3272 606 3343; x_wconf 83' lang='lat' dir='ltr'>des,</span> <span class='ocrx_word' id='word_1_253' title='bbox 621 3282 652 3330; x_wconf 94' lang='lat' dir='ltr'>ut</span> <span class='ocrx_word' id='word_1_254' title='bbox 671 3292 723 3348; x_wconf 88' lang='lat' dir='ltr'>per</span> <span class='ocrx_word' id='word_1_255' title='bbox 743 3283 771 3332; x_wconf 93' lang='lat' dir='ltr'>te</span> <span class='ocrx_word' id='word_1_256' title='bbox 786 3292 873 3350; x_wconf 89' lang='lat' dir='ltr'>quam</span> <span class='ocrx_word' id='word_1_257' title='bbox 888 3275 1063 3334; x_wconf 89' lang='lat' dir='ltr'>commodis-</span> 
     </span>
     <span class='ocr_line' id='line_1_32' title="bbox 122 3371 1063 3452; baseline -0.002 -20"><span class='ocrx_word' id='word_1_258' title='bbox 122 3374 195 3432; x_wconf 76' lang='lat' dir='ltr'>s1me</span> <span class='ocrx_word' id='word_1_259' title='bbox 209 3374 360 3449; x_wconf 88' lang='lat' dir='ltr'>negotium</span> <span class='ocrx_word' id='word_1_260' title='bbox 379 3371 527 3430; x_wconf 72' lang='lat' dir='ltr'>municipii</span> <span class='ocrx_word' id='word_1_261' title='bbox 557 3371 761 3429; x_wconf 63' lang='lat' dir='ltr'>lciarrinistretur</span> <span class='ocrx_word' id='word_1_262' title='bbox 775 3390 871 3448; x_wconf 89' lang='lat' dir='ltr'>quam·</span> <span class='ocrx_word' id='word_1_263' title='bbox 883 3372 1063 3452; x_wconf 90' lang='lat' dir='ltr'>primumque</span> 
     </span>
    </p>
   </div>
   <div class='ocr_carea' id='block_1_6' title="bbox 0 0 1209 3848">
    <p class='ocr_par' dir='ltr' id='par_1_6' title="bbox 0 0 1209 3848">
     <span class='ocr_line' id='line_1_33' title="bbox 0 0 1209 3848; baseline 0 0"><span class='ocrx_word' id='word_1_264' title='bbox 0 0 1209 3848; x_wconf 95' lang='lat' dir='ltr'> </span> 
     </span>
    </p>
   </div>
  </div>
 </body>
</html>
