2392 3848
128 208 173 273 aa
188 192 246 279 a]
347 205 461 255 arrsr.
483 205 533 254 rr>
553 204 720 256 arrrcurr
741 206 802 255 νη.
827 210 877 276 13.
1008 209 1069 274 129

126 364 238 441 cogitet
257 362 329 433 scio,
348 381 383 422 ac
404 380 466 421 non
486 360 588 421 desino
606 381 660 439 per
679 363 785 421 litteras
803 361 948 420 sciscitari.
991 359 1070 417 Nihil

126 478 194 521 esse
228 459 356 519 timidius
387 469 509 529 constat,
537 459 608 516 nihil
641 459 848 535 perturbatius:
884 457 981 533 itaque
1015 474 1070 514 nee

126 555 313 633 praesidium,
345 556 427 615 cuius
460 555 581 631 parandi
615 572 704 613 causa
735 554 772 612 ad
806 555 909 612 urbem
943 562 1071 611 retentus

125 664 181 723 est,
204 670 260 712 nec
287 652 385 711 locum
413 670 448 711 ac
476 652 577 711 sedem
599 651 733 727 praesidii
761 650 850 708 ullam
872 651 973 709 video:
1003 668 1072 725 spes

125 750 225 809 omnis
243 750 274 807 in
292 749 406 808 duabus
422 749 560 808 insidiose
579 748 705 818 retentis,
720 766 813 824 paene
832 749 933 806 alienis
951 747 1071 824 legioni-

125 848 192 907 bus.
234 846 313 906 Nam
341 847 461 906 dilectus
489 846 584 905 adhuc
608 846 727 922 quidem
751 847 905 904 invitorum
933 855 977 905 est
1001 855 1029 903 et
1054 863 1071 903 a

125 944 289 1023 pugnando
312 944 544 1015 abhorrentium3
577 944 784 1002 condicionum
809 952 905 1002 autem
932 943 1071 1001 amissum

125 1052 246 1118 tempus
267 1051 319 1101 est.
362 1040 441 1114 Quid
463 1041 589 1100 futurum
612 1042 657 1112 sit,
676 1060 737 1101 non
756 1042 840 1100 video
851 1061 860 1114 ;
882 1040 1071 1099 commissum

126 1138 249 1217 quidem
265 1158 284 1199 a
301 1139 386 1198 nobis
404 1148 481 1198 certe
499 1149 544 1197 est
565 1140 624 1198 sive
644 1158 662 1198 a
679 1150 779 1198 nostro
800 1141 883 1207 duce,
898 1147 929 1197 ut
948 1156 964 1195 e
985 1147 1071 1213 portu

126 1236 193 1297 sine
209 1236 413 1313 gubernaculis
432 1237 541 1310 egressi
558 1238 721 1312 tempestati
740 1255 795 1296 nos
814 1238 1000 1295 traderemus.
1044 1253 1071 1307 3.

125 1332 232 1410 Itaque
254 1334 292 1393 de
312 1332 503 1393 Ciceronibus
527 1335 632 1392 nostris
653 1335 755 1393 dubito
781 1334 851 1410 quid
876 1352 980 1410 agam3
1002 1350 1072 1389 nam

125 1430 201 1491 mihi
226 1430 371 1489 interdum
405 1430 580 1488 amandandi
607 1431 739 1490 videntur
766 1432 796 1489 in
829 1431 1000 1502 Graeciam3
1035 1430 1072 1487 de

126 1528 227 1589 Tullia
244 1538 339 1587 autem
353 1538 383 1586 et
396 1526 541 1596 Terentia,
557 1545 624 1585 curn
638 1527 709 1586 mihi
722 1530 912 1587 barbarorum
931 1527 1071 1586 adventus

127 1626 168 1687 ad
180 1627 285 1686 urbem
297 1625 475 1701 proponitur,
490 1626 590 1683 omnia
601 1626 698 1697 time0,
714 1644 781 1684 cum
795 1637 892 1685 autem
903 1624 1072 1685 Dolabellae

127 1724 208 1785 venit
221 1724 253 1781 in
265 1733 402 1793 mentem,
417 1722 536 1797 paulurn
554 1723 672 1798 respiro.
715 1722 774 1783 Sed
793 1724 878 1782 velim
895 1724 1071 1794 consideres,

127 1820 203 1901 quid
222 1819 388 1881 iaciendum
412 1831 512 1895 putes:
542 1820 668 1896 primurn
691 1827 757 1893 πρὸς
779 1825 810 1877 τὸ
833 1821 1073 1896 dapalis-aliter

128 1921 211 1983 enim
232 1918 304 1977 mihi
325 1917 363 1977 de
386 1918 496 1976 illisae
521 1917 558 1976 de
582 1919 717 1994 meipso
742 1920 953 1978 consulendum
978 1930 1071 1990 est-,

128 2018 238 2079 deinde
250 2016 290 2075 ad
302 2015 466 2091 opiniones,
481 2033 518 2072 ne
533 2015 784 2090 reprehendamur,
800 2016 880 2093 quod
894 2035 943 2075 eas
958 2017 1071 2076 Romae

129 2116 254 2177 velimus
275 2131 340 2172 esse
364 2113 394 2170 in
418 2114 568 2171 communi
592 2114 737 2172 bonorum
762 2114 839 2190 fuga.
882 2115 962 2187 Quin
986 2117 1074 2174 etiarn

130 2215 185 2277 tibi
211 2223 242 2272 et
268 2210 576 2285 Peducaeo—scripsit
603 2210 681 2268 enim
713 2211 751 2269 ad
778 2212 937 2287 me—quid
965 2212 1075 2272 faciatis

130 2310 292 2373 videndum
311 2319 356 2368 est
363 2327 371 2378 ;
392 2309 417 2367 is
438 2309 516 2365 enim
538 2308 676 2384 splendor
697 2324 740 2368 est
764 2322 898 2380 vestrum,
920 2321 952 2369 ut
972 2313 1075 2370 eadem

132 2409 317 2491 postulentur
338 2423 357 2464 a
376 2407 468 2476 vobis,
489 2425 564 2482 qnae
586 2409 624 2464 ab
648 2409 832 2483 amplissimis
857 2410 974 2468 civibus
1017 2409 1075 2468 Sed

132 2510 171 2569 de
192 2505 251 2565 hoc
270 2515 302 2564 tu
322 2503 441 2574 videbis,
462 2504 570 2580 quippe
592 2522 659 2562 eum
680 2505 717 2563 de
738 2507 869 2582 meipso
891 2526 925 2565 ac
945 2508 983 2566 de
1003 2509 1075 2566 meis

133 2618 164 2665 tc
177 2601 362 2664 considerare
375 2600 469 2659 veiim.
511 2622 538 2672 4.
560 2601 715 2678 Reliquum
731 2614 776 2662 est
790 2613 821 2661 ut
840 2615 868 2662 et
882 2604 952 2680 quid
966 2618 1074 2679 agatur,

133 2700 236 2781 quoad
256 2699 372 2776 poteris,
394 2698 527 2773 explores
548 2700 714 2775 scribasque
738 2701 851 2770 adme,
874 2711 902 2760 et
924 2703 993 2779 qnid
1013 2705 1075 2777 ipsc

133 2799 304 2861 coniectura
324 2814 487 2872 assequare,
509 2796 588 2872 quod
609 2799 695 2854 etiam
717 2817 734 2856 a
755 2811 783 2856 te
804 2800 897 2874 magis
918 2812 1074 2874 exspecto;

133 2914 206 2957 nam
233 2904 299 2954 acta
325 2895 461 2952 omnibus
488 2894 685 2952 nuntiantibus
713 2908 782 2953 ate
806 2906 945 2971 exspecto
972 2896 1073 2957 futura

133 2998 235 3053 utrm
257 2993 281 3048 δ’
303 2992 458 3065 ὅρωτομ.
500 2990 680 3067 Loquacitati
705 2993 849 3066 ignosces,
874 3011 949 3067 quae
973 3006 1001 3055 et
1027 3015 1075 3055 me

132 3092 210 3153 levat
223 3088 261 3149 ad
275 3098 304 3151 te
317 3087 436 3167 quidem
450 3088 623 3149 scribentem
637 3100 665 3149 et
679 3090 754 3149 elicit
768 3099 831 3148 tuas
844 3089 958 3150 litteras.
