2392 3848
125 198 323 282 Ep.114,115.]
357 210 471 261 aaran.
486 210 771 262 Abraouannos
785 214 849 263 κη.
869 218 896 264 r.
1005 217 1068 285 235

125 363 207 441 quod
218 375 316 423 tamen
329 383 437 424 munus
451 375 479 424 et
489 364 616 424 hominis
631 366 797 424 amicissimi
810 363 967 423 memoriae
982 374 1069 440 atque

125 462 287 521 honoribus
308 473 454 540 praestare
475 465 562 521 etiam
583 465 688 522 mortui
703 464 799 535 debui,
815 473 842 522 et
857 464 984 538 optimae
1006 463 1069 539 spei

125 559 303 619 adulescenti
328 578 362 618 ac
390 560 561 636 dignissimo
587 559 712 619 Caesare
736 560 844 636 petenti
873 577 980 635 negare
1008 578 1069 618 non

124 657 217 735 potui.
261 670 287 731 7.
302 657 378 716 Veni
389 658 476 716 etiam
490 659 617 717 consulis
628 658 749 716 Antonii
760 656 879 716 domum
895 675 980 732 saepe
995 655 1069 717 salu-

124 755 206 815 tandi
226 774 313 814 causa
323 775 331 827 3
354 756 392 814 ad
415 773 502 832 quem
528 757 576 832 qui
597 775 645 814 me
666 774 770 832 parum
790 755 899 831 patriae
922 763 1069 813 amantem

124 871 191 913 esse
219 853 383 913 existimant
410 854 533 928 rogandi
560 854 679 930 quidem
711 854 817 929 aliquid
845 863 894 910 aut
921 853 1069 912 auferendi

124 969 214 1011 causa
233 951 399 1027 frequentes
420 952 557 1010 ventitare
577 953 710 1028 reperies.
754 951 812 1009 Sed
834 969 908 1026 quae
929 950 1002 1008 haec
1026 959 1069 1008 est

124 1049 304 1124 adrogantia,
316 1048 397 1124 quod
411 1047 520 1108 Caesar
533 1068 694 1124 numquam
709 1049 904 1125 interpellavit,
916 1049 994 1124 quin,
1007 1049 1070 1124 qui-

123 1149 181 1206 bus
194 1145 296 1204 vellem
312 1155 397 1220 atque
412 1146 498 1203 etiarn
512 1163 586 1221 quos
600 1147 662 1221 ipse
681 1165 743 1204 non
762 1145 907 1220 diligebat,
923 1155 1020 1202 tamen
1035 1144 1069 1201 iis

123 1255 226 1314 uterer,
249 1260 308 1313 eos,
333 1242 381 1318 qui
405 1242 475 1300 mihi
497 1243 623 1301 amicum
648 1245 820 1319 eripuerunt,
845 1242 992 1318 carpendo
1022 1259 1069 1298 me

124 1343 238 1403 efficere
265 1341 372 1410 conari,
400 1358 446 1409 ne,
475 1358 550 1415 quos
575 1340 667 1410 velim,
697 1340 834 1417 diligam?
877 1344 902 1398 8.
926 1339 984 1399 Sed
1008 1356 1069 1397 non

123 1458 225 1501 vereor
252 1458 290 1498 ne
318 1449 367 1497 aut
393 1457 477 1498 meae
498 1440 572 1497 vitae
596 1439 740 1497 modestia
766 1457 869 1515 parum
890 1439 1009 1496 valitura
1032 1438 1069 1496 sit

124 1541 156 1598 in
178 1547 326 1614 posterum
346 1547 447 1595 contra
467 1537 556 1596 falsos
575 1555 713 1607 rumores,
735 1546 784 1594 aut
804 1557 841 1595 ne
862 1537 948 1594 etiarn
969 1537 997 1606 ii,
1019 1536 1069 1611 qui

124 1655 174 1695 me
195 1654 256 1694 non
277 1647 376 1695 amant
389 1646 507 1712 propter
527 1654 623 1694 meam
645 1635 674 1692 in
689 1633 846 1693 Caesarem
867 1635 1067 1702 constantiam,

125 1753 187 1794 non
207 1734 308 1793 malint
329 1736 387 1792 mei
406 1753 495 1810 quarn
516 1735 560 1792 sui
581 1733 687 1791 similes
709 1732 819 1790 amicos
836 1732 951 1790 habere.
994 1733 1068 1791 Mihi

124 1834 244 1911 quidem
265 1834 289 1890 si
310 1842 410 1908 optata
430 1833 608 1907 contingent,
624 1831 705 1907 quod
723 1830 864 1905 reliquum
885 1841 928 1888 est
942 1831 1023 1902 vitae,
1037 1833 1068 1890 in

124 1933 186 1991 otio
201 1930 299 1990 Rhodi
318 1931 440 2005 degam3
465 1932 509 1988 sin
529 1948 613 1988 casus
633 1929 735 2005 aliquis
752 1927 944 2003 interpellarit,
961 1930 999 1987 ita
1018 1949 1068 1989 ero

124 2030 248 2099 Romae,
270 2037 302 2086 ut
322 2038 399 2087 recte
420 2029 481 2086 fieri
502 2045 617 2102 semper
639 2027 763 2101 cupiam.
806 2025 945 2085 Trebatio
966 2038 1068 2087 nostro

123 2145 247 2204 magnas
262 2143 318 2202 ago
333 2127 446 2201 gratias,
462 2126 543 2201 quod
557 2135 637 2183 tuum
655 2142 725 2199 erga
745 2142 793 2181 me
812 2125 941 2181 animum
961 2126 1068 2203 simpli-

124 2244 189 2284 cem
211 2235 297 2300 atque
317 2225 444 2282 amicum
465 2224 576 2299 aperuit
598 2233 626 2280 et
647 2223 729 2298 quod
749 2240 825 2292 eum,
844 2240 932 2297 quem
954 2241 1070 2300 semper

122 2323 244 2383 libenter
269 2322 363 2392 dilexi,
388 2339 448 2396 quo
476 2323 570 2397 magis
595 2322 655 2378 iure
679 2321 773 2380 colere
802 2330 887 2396 atque
915 2322 1069 2383 observare

123 2421 270 2491 deberem,
285 2419 359 2478 fecit
402 2419 483 2477 Bene
498 2419 560 2476 vale
574 2428 603 2477 et
616 2436 664 2476 me
679 2418 774 2495 dilige.

309 2580 375 2635 115.
416 2576 473 2633 AD
495 2575 747 2634 FAMILIARES
769 2575 837 2634 XII.
862 2595 886 2636 1.

275 2689 341 2751 Scn.
362 2707 499 2749 aaronis.
519 2708 613 2748 manso
634 2689 718 2750 Maro
740 2709 824 2750 nnc.
848 2705 916 2766 710.

447 2815 550 2856 cronno
572 2815 667 2856 cnssro
687 2815 748 2856 sar..

168 2932 193 2972 1.
214 2911 312 2970 Frnnn
339 2910 448 2968 nullam
476 2909 561 2980 facio,
582 2911 653 2968 mihi
681 2912 774 2982 crede,
803 2911 895 2982 Cassi,
918 2913 955 2972 de
982 2923 1011 2973 te
1039 2925 1068 2975 et

123 3009 215 3070 Bruto
237 3017 345 3079 nostre,
364 3008 395 3066 id
415 3018 459 3066 est
480 3008 516 3066 de
537 3018 598 3066 tota
618 3027 649 3066 re
670 3009 793 3085 publica,
815 3011 970 3085 cogitandi,
986 3014 1068 3073 cuius

124 3109 222 3166 omnis
244 3125 311 3182 spes
332 3107 361 3163 in
382 3108 464 3165 vobis
486 3116 578 3165 estet
599 3108 628 3164 in
649 3106 686 3164 D.
708 3106 797 3165 Bruto
809 3126 817 3179 ;
840 3126 929 3183 quam
950 3111 1068 3185 quidem

123 3206 183 3264 iam
204 3205 298 3263 habeo
323 3205 384 3279 ipse
409 3204 567 3274 meliorem,
592 3224 622 3263 re
648 3206 764 3281 publica
787 3224 804 3263 a
826 3205 978 3265 Dolabella
1002 3227 1069 3268 meo

124 3303 350 3381 praeclarissime
376 3312 478 3377 gesta:
500 3304 636 3360 manabat
659 3304 736 3360 enim
760 3303 829 3361 illud
854 3303 962 3361 malum
984 3308 1068 3365 urba-

124 3419 198 3461 num
221 3401 311 3460 etita
334 3400 581 3459 conroborabatur
604 3400 741 3477 quotidie,
763 3411 795 3460 ut
816 3419 873 3478 ego
897 3403 1014 3479 quidem
1039 3415 1068 3464 et
