<?xml version="1.0" encoding="UTF-8"?>
<!DOCTYPE html PUBLIC "-//W3C//DTD XHTML 1.0 Transitional//EN"
    "http://www.w3.org/TR/xhtml1/DTD/xhtml1-transitional.dtd">
<html xmlns="http://www.w3.org/1999/xhtml" xml:lang="en" lang="en">
 <head>
  <title>
</title>
<meta http-equiv="Content-Type" content="text/html;charset=utf-8" />
  <meta name='ocr-system' content='tesseract 3.04.00' />
  <meta name='ocr-capabilities' content='ocr_page ocr_carea ocr_par ocr_line ocrx_word'/>
</head>
<body>
  <div class='ocr_page' id='page_1' title='image "./epistolaeselect00cicegoog/epistolaeselect00cicegoog_0158.png"; bbox 0 0 2498 3840; ppageno 0'>
   <div class='ocr_carea' id='block_1_1' title="bbox 153 172 1092 260">
    <p class='ocr_par' dir='ltr' id='par_1_1' title="bbox 153 172 1092 260">
     <span class='ocr_line' id='line_1_1' title="bbox 153 172 1092 260; baseline 0.001 -24"><span class='ocrx_word' id='word_1_1' title='bbox 153 189 212 250; x_wconf 82' lang='lat'><strong>142</strong></span> <span class='ocrx_word' id='word_1_2' title='bbox 419 187 459 239; x_wconf 83' lang='lat' dir='ltr'><strong>u.</strong></span> <span class='ocrx_word' id='word_1_3' title='bbox 484 187 603 239; x_wconf 78' lang='lat' dir='ltr'><strong>ronan</strong></span> <span class='ocrx_word' id='word_1_4' title='bbox 623 187 812 238; x_wconf 80' lang='lat' dir='ltr'><strong>orcnnours</strong></span> <span class='ocrx_word' id='word_1_5' title='bbox 962 172 1031 260; x_wconf 68' lang='lat' dir='ltr'><strong>[nn</strong></span> <span class='ocrx_word' id='word_1_6' title='bbox 1046 188 1092 237; x_wconf 93' lang='grc' dir='ltr'><strong>ιιι.</strong></span> 
     </span>
    </p>
   </div>
   <div class='ocr_carea' id='block_1_2' title="bbox 148 338 1094 2267">
    <p class='ocr_par' dir='ltr' id='par_1_2' title="bbox 148 338 1094 2267">
     <span class='ocr_line' id='line_1_2' title="bbox 148 338 1094 417; baseline 0.006 -25"><span class='ocrx_word' id='word_1_7' title='bbox 148 343 180 392; x_wconf 90' lang='lat' dir='ltr'><strong>tu</strong></span> <span class='ocrx_word' id='word_1_8' title='bbox 204 347 299 395; x_wconf 89' lang='lat' dir='ltr'><strong>autem</strong></span> <span class='ocrx_word' id='word_1_9' title='bbox 324 339 530 398; x_wconf 86' lang='lat' dir='ltr'><strong>consolationis</strong></span> <span class='ocrx_word' id='word_1_10' title='bbox 553 341 675 399; x_wconf 83' lang='lat' dir='ltr'><strong>fortasse</strong></span> <span class='ocrx_word' id='word_1_11' title='bbox 698 340 807 417; x_wconf 89' lang='lat' dir='ltr'><strong>aliquid</strong></span> <span class='ocrx_word' id='word_1_12' title='bbox 829 338 1020 415; x_wconf 77' lang='lat' dir='ltr'><strong>exspectasti:</strong></span> <span class='ocrx_word' id='word_1_13' title='bbox 1048 338 1094 398; x_wconf 90' lang='lat' dir='ltr'><strong>ni·</strong></span> 
     </span>
     <span class='ocr_line' id='line_1_3' title="bbox 148 431 1091 515; baseline 0.007 -26"><span class='ocrx_word' id='word_1_14' title='bbox 148 431 187 489; x_wconf 95' lang='lat' dir='ltr'><strong>hil</strong></span> <span class='ocrx_word' id='word_1_15' title='bbox 215 434 339 506; x_wconf 90' lang='lat' dir='ltr'><strong>invenio,</strong></span> <span class='ocrx_word' id='word_1_16' title='bbox 367 437 436 494; x_wconf 86' lang='lat' dir='ltr'><strong>nihil</strong></span> <span class='ocrx_word' id='word_1_17' title='bbox 464 438 524 495; x_wconf 86' lang='lat' dir='ltr'><strong>fieri</strong></span> <span class='ocrx_word' id='word_1_18' title='bbox 552 447 648 515; x_wconf 85' lang='lat' dir='ltr'><strong>potest</strong></span> <span class='ocrx_word' id='word_1_19' title='bbox 675 439 815 507; x_wconf 88' lang='lat' dir='ltr'><strong>miserius,</strong></span> <span class='ocrx_word' id='word_1_20' title='bbox 843 436 914 494; x_wconf 93' lang='lat' dir='ltr'><strong>nihil</strong></span> <span class='ocrx_word' id='word_1_21' title='bbox 940 436 1091 512; x_wconf 86' lang='lat' dir='ltr'><strong>perditius,</strong></span> 
     </span>
     <span class='ocr_line' id='line_1_4' title="bbox 148 530 1091 611; baseline 0.008 -25"><span class='ocrx_word' id='word_1_22' title='bbox 148 530 219 588; x_wconf 92' lang='lat' dir='ltr'><strong>nihil</strong></span> <span class='ocrx_word' id='word_1_23' title='bbox 246 531 367 592; x_wconf 82' lang='lat' dir='ltr'><strong>foedius.</strong></span> <span class='ocrx_word' id='word_1_24' title='bbox 417 547 444 606; x_wconf 87' lang='lat'><strong>5.</strong></span> <span class='ocrx_word' id='word_1_25' title='bbox 472 535 563 607; x_wconf 92' lang='lat' dir='ltr'><strong>Quod</strong></span> <span class='ocrx_word' id='word_1_26' title='bbox 589 536 710 611; x_wconf 89' lang='lat' dir='ltr'><strong>quaeris,</strong></span> <span class='ocrx_word' id='word_1_27' title='bbox 736 535 805 610; x_wconf 93' lang='lat' dir='ltr'><strong>quid</strong></span> <span class='ocrx_word' id='word_1_28' title='bbox 838 533 949 593; x_wconf 90' lang='lat' dir='ltr'><strong>Caesar</strong></span> <span class='ocrx_word' id='word_1_29' title='bbox 975 534 1015 592; x_wconf 87' lang='lat' dir='ltr'><strong>ad</strong></span> <span class='ocrx_word' id='word_1_30' title='bbox 1042 550 1091 594; x_wconf 90' lang='lat' dir='ltr'><strong>me</strong></span> 
     </span>
     <span class='ocr_line' id='line_1_5' title="bbox 151 629 1091 708; baseline 0.007 -24"><span class='ocrx_word' id='word_1_31' title='bbox 151 629 303 703; x_wconf 86' lang='lat' dir='ltr'><strong>scripserit,</strong></span> <span class='ocrx_word' id='word_1_32' title='bbox 323 630 403 705; x_wconf 93' lang='lat' dir='ltr'><strong>quod</strong></span> <span class='ocrx_word' id='word_1_33' title='bbox 428 649 525 706; x_wconf 85' lang='lat' dir='ltr'><strong>saepe,</strong></span> <span class='ocrx_word' id='word_1_34' title='bbox 545 634 741 708; x_wconf 88' lang='lat' dir='ltr'><strong>gratissimum</strong></span> <span class='ocrx_word' id='word_1_35' title='bbox 762 633 815 695; x_wconf 91' lang='lat' dir='ltr'><strong>sibi</strong></span> <span class='ocrx_word' id='word_1_36' title='bbox 836 631 1002 708; x_wconf 89' lang='lat' dir='ltr'><strong>essequod</strong></span> <span class='ocrx_word' id='word_1_37' title='bbox 1026 632 1091 708; x_wconf 87' lang='lat' dir='ltr'><strong>qui·</strong></span> 
     </span>
     <span class='ocr_line' id='line_1_6' title="bbox 149 725 1091 804; baseline 0.006 -22"><span class='ocrx_word' id='word_1_38' title='bbox 149 725 229 796; x_wconf 85' lang='lat' dir='ltr'><strong>erim,</strong></span> <span class='ocrx_word' id='word_1_39' title='bbox 243 736 363 801; x_wconf 88' lang='lat' dir='ltr'><strong>oratque</strong></span> <span class='ocrx_word' id='word_1_40' title='bbox 384 728 414 784; x_wconf 91' lang='lat' dir='ltr'><strong>in</strong></span> <span class='ocrx_word' id='word_1_41' title='bbox 436 746 472 786; x_wconf 91' lang='lat' dir='ltr'><strong>eo</strong></span> <span class='ocrx_word' id='word_1_42' title='bbox 493 739 525 786; x_wconf 93' lang='lat' dir='ltr'><strong>ut</strong></span> <span class='ocrx_word' id='word_1_43' title='bbox 545 747 734 804; x_wconf 85' lang='lat' dir='ltr'><strong>perseverem.</strong></span> <span class='ocrx_word' id='word_1_44' title='bbox 775 728 884 787; x_wconf 82' lang='lat' dir='ltr'><strong>Balbus</strong></span> <span class='ocrx_word' id='word_1_45' title='bbox 902 728 999 787; x_wconf 90' lang='lat' dir='ltr'><strong>minor</strong></span> <span class='ocrx_word' id='word_1_46' title='bbox 1017 728 1091 788; x_wconf 87' lang='lat' dir='ltr'><strong>haee</strong></span> 
     </span>
     <span class='ocr_line' id='line_1_7' title="bbox 150 823 1092 886; baseline 0.007 -7"><span class='ocrx_word' id='word_1_47' title='bbox 150 823 252 881; x_wconf 88' lang='lat' dir='ltr'><strong>eadem</strong></span> <span class='ocrx_word' id='word_1_48' title='bbox 266 826 393 884; x_wconf 89' lang='lat' dir='ltr'><strong>mandat.</strong></span> <span class='ocrx_word' id='word_1_49' title='bbox 428 826 597 885; x_wconf 87' lang='lat' dir='ltr'><strong>iterantem</strong></span> <span class='ocrx_word' id='word_1_50' title='bbox 611 828 746 886; x_wconf 84' lang='lat' dir='ltr'><strong>eluserat</strong></span> <span class='ocrx_word' id='word_1_51' title='bbox 760 828 797 886; x_wconf 89' lang='lat' dir='ltr'><strong>ad</strong></span> <span class='ocrx_word' id='word_1_52' title='bbox 811 826 968 886; x_wconf 90' lang='lat' dir='ltr'><strong>Lentulum</strong></span> <span class='ocrx_word' id='word_1_53' title='bbox 982 845 1092 886; x_wconf 89' lang='lat' dir='ltr'><strong>consu·</strong></span> 
     </span>
     <span class='ocr_line' id='line_1_8' title="bbox 149 920 1091 1000; baseline 0.005 -22"><span class='ocrx_word' id='word_1_54' title='bbox 149 920 207 978; x_wconf 90' lang='lat' dir='ltr'><strong>lem</strong></span> <span class='ocrx_word' id='word_1_55' title='bbox 235 940 302 980; x_wconf 90' lang='lat' dir='ltr'><strong>cum</strong></span> <span class='ocrx_word' id='word_1_56' title='bbox 326 923 425 982; x_wconf 91' lang='lat' dir='ltr'><strong>litteris</strong></span> <span class='ocrx_word' id='word_1_57' title='bbox 450 923 583 982; x_wconf 82' lang='lat' dir='ltr'><strong>Caesaris</strong></span> <span class='ocrx_word' id='word_1_58' title='bbox 607 925 860 1000; x_wconf 86' lang='lat' dir='ltr'><strong>praemiorumque</strong></span> <span class='ocrx_word' id='word_1_59' title='bbox 883 924 1045 1000; x_wconf 91' lang='lat' dir='ltr'><strong>promissis,</strong></span> <span class='ocrx_word' id='word_1_60' title='bbox 1066 924 1091 983; x_wconf 93' lang='lat' dir='ltr'><strong>si</strong></span> 
     </span>
     <span class='ocr_line' id='line_1_9' title="bbox 149 1014 1091 1092; baseline 0.004 -18"><span class='ocrx_word' id='word_1_61' title='bbox 149 1014 277 1075; x_wconf 87' lang='lat' dir='ltr'><strong>Romam</strong></span> <span class='ocrx_word' id='word_1_62' title='bbox 293 1019 469 1092; x_wconf 90' lang='lat' dir='ltr'><strong>revertisset;</strong></span> <span class='ocrx_word' id='word_1_63' title='bbox 490 1037 598 1089; x_wconf 87' lang='lat' dir='ltr'><strong>verum,</strong></span> <span class='ocrx_word' id='word_1_64' title='bbox 613 1038 680 1078; x_wconf 87' lang='lat' dir='ltr'><strong>cum</strong></span> <span class='ocrx_word' id='word_1_65' title='bbox 698 1020 794 1079; x_wconf 89' lang='lat' dir='ltr'><strong>habeo</strong></span> <span class='ocrx_word' id='word_1_66' title='bbox 811 1021 953 1079; x_wconf 89' lang='lat' dir='ltr'><strong>rationem</strong></span> <span class='ocrx_word' id='word_1_67' title='bbox 968 1020 1091 1092; x_wconf 90' lang='lat' dir='ltr'><strong>dierum,</strong></span> 
     </span>
     <span class='ocr_line' id='line_1_10' title="bbox 148 1118 1091 1195; baseline 0.005 -22"><span class='ocrx_word' id='word_1_68' title='bbox 148 1125 215 1174; x_wconf 85' lang='lat' dir='ltr'><strong>ante</strong></span> <span class='ocrx_word' id='word_1_69' title='bbox 229 1127 300 1193; x_wconf 90' lang='lat' dir='ltr'><strong>puto</strong></span> <span class='ocrx_word' id='word_1_70' title='bbox 314 1119 518 1190; x_wconf 87' lang='lat' dir='ltr'><strong>tramissurum,</strong></span> <span class='ocrx_word' id='word_1_71' title='bbox 527 1137 615 1194; x_wconf 92' lang='lat' dir='ltr'><strong>quam</strong></span> <span class='ocrx_word' id='word_1_72' title='bbox 630 1120 754 1195; x_wconf 89' lang='lat' dir='ltr'><strong>potnerit</strong></span> <span class='ocrx_word' id='word_1_73' title='bbox 768 1118 924 1178; x_wconf 88' lang='lat' dir='ltr'><strong>conveniri.</strong></span> <span class='ocrx_word' id='word_1_74' title='bbox 959 1119 986 1177; x_wconf 89' lang='lat'><strong>6.</strong></span> <span class='ocrx_word' id='word_1_75' title='bbox 1001 1118 1091 1195; x_wconf 91' lang='lat' dir='ltr'><strong>Epis·</strong></span> 
     </span>
     <span class='ocr_line' id='line_1_11' title="bbox 149 1213 1091 1293; baseline 0.006 -23"><span class='ocrx_word' id='word_1_76' title='bbox 149 1213 273 1271; x_wconf 88' lang='lat' dir='ltr'><strong>tolarum</strong></span> <span class='ocrx_word' id='word_1_77' title='bbox 287 1213 419 1290; x_wconf 90' lang='lat' dir='ltr'><strong>Pompeii</strong></span> <span class='ocrx_word' id='word_1_78' title='bbox 434 1214 565 1287; x_wconf 88' lang='lat' dir='ltr'><strong>duarum,</strong></span> <span class='ocrx_word' id='word_1_79' title='bbox 579 1235 652 1292; x_wconf 88' lang='lat' dir='ltr'><strong>quas</strong></span> <span class='ocrx_word' id='word_1_80' title='bbox 665 1217 703 1275; x_wconf 90' lang='lat' dir='ltr'><strong>ad</strong></span> <span class='ocrx_word' id='word_1_81' title='bbox 716 1235 764 1274; x_wconf 92' lang='lat' dir='ltr'><strong>me</strong></span> <span class='ocrx_word' id='word_1_82' title='bbox 777 1217 863 1287; x_wconf 89' lang='lat' dir='ltr'><strong>misit,</strong></span> <span class='ocrx_word' id='word_1_83' title='bbox 873 1216 1091 1293; x_wconf 85' lang='lat' dir='ltr'><strong>neglegentiam</strong></span> 
     </span>
     <span class='ocr_line' id='line_1_12' title="bbox 149 1313 1092 1388; baseline 0.006 -20"><span class='ocrx_word' id='word_1_84' title='bbox 149 1328 304 1387; x_wconf 89' lang='lat' dir='ltr'><strong>meamque</strong></span> <span class='ocrx_word' id='word_1_85' title='bbox 318 1313 348 1369; x_wconf 92' lang='lat' dir='ltr'><strong>in</strong></span> <span class='ocrx_word' id='word_1_86' title='bbox 362 1313 548 1371; x_wconf 87' lang='lat' dir='ltr'><strong>rescribendo</strong></span> <span class='ocrx_word' id='word_1_87' title='bbox 563 1313 740 1388; x_wconf 87' lang='lat' dir='ltr'><strong>diligentiam</strong></span> <span class='ocrx_word' id='word_1_88' title='bbox 750 1314 826 1372; x_wconf 88' lang='lat' dir='ltr'><strong>volni</strong></span> <span class='ocrx_word' id='word_1_89' title='bbox 837 1314 888 1372; x_wconf 94' lang='lat' dir='ltr'><strong>tibi</strong></span> <span class='ocrx_word' id='word_1_90' title='bbox 899 1323 1001 1372; x_wconf 83' lang='lat' dir='ltr'><strong>notam</strong></span> <span class='ocrx_word' id='word_1_91' title='bbox 1011 1332 1092 1374; x_wconf 86' lang='lat' dir='ltr'><strong>esse:</strong></span> 
     </span>
     <span class='ocr_line' id='line_1_13' title="bbox 149 1408 1091 1488; baseline 0.006 -22"><span class='ocrx_word' id='word_1_92' title='bbox 149 1427 247 1467; x_wconf 92' lang='lat' dir='ltr'><strong>earum</strong></span> <span class='ocrx_word' id='word_1_93' title='bbox 261 1408 394 1485; x_wconf 83' lang='lat' dir='ltr'><strong>exempla</strong></span> <span class='ocrx_word' id='word_1_94' title='bbox 408 1410 445 1468; x_wconf 92' lang='lat' dir='ltr'><strong>ad</strong></span> <span class='ocrx_word' id='word_1_95' title='bbox 458 1419 487 1468; x_wconf 91' lang='lat' dir='ltr'><strong>te</strong></span> <span class='ocrx_word' id='word_1_96' title='bbox 501 1410 574 1468; x_wconf 92' lang='lat' dir='ltr'><strong>misi.</strong></span> <span class='ocrx_word' id='word_1_97' title='bbox 617 1423 643 1484; x_wconf 85' lang='lat'><strong>7.</strong></span> <span class='ocrx_word' id='word_1_98' title='bbox 665 1409 797 1469; x_wconf 88' lang='lat' dir='ltr'><strong>Caesaris</strong></span> <span class='ocrx_word' id='word_1_99' title='bbox 814 1410 861 1470; x_wconf 89' lang='lat' dir='ltr'><strong>hic</strong></span> <span class='ocrx_word' id='word_1_100' title='bbox 879 1428 931 1486; x_wconf 87' lang='lat' dir='ltr'><strong>per</strong></span> <span class='ocrx_word' id='word_1_101' title='bbox 949 1411 1091 1488; x_wconf 85' lang='lat' dir='ltr'><strong>Apuliam</strong></span> 
     </span>
     <span class='ocr_line' id='line_1_14' title="bbox 149 1506 1089 1585; baseline 0.003 -20"><span class='ocrx_word' id='word_1_102' title='bbox 149 1506 186 1565; x_wconf 91' lang='lat' dir='ltr'><strong>ad</strong></span> <span class='ocrx_word' id='word_1_103' title='bbox 212 1506 399 1565; x_wconf 87' lang='lat' dir='ltr'><strong>Brundisium</strong></span> <span class='ocrx_word' id='word_1_104' title='bbox 426 1525 526 1566; x_wconf 89' lang='lat' dir='ltr'><strong>cursus</strong></span> <span class='ocrx_word' id='word_1_105' title='bbox 554 1508 623 1584; x_wconf 90' lang='lat' dir='ltr'><strong>quid</strong></span> <span class='ocrx_word' id='word_1_106' title='bbox 650 1507 761 1580; x_wconf 87' lang='lat' dir='ltr'><strong>efficiat,</strong></span> <span class='ocrx_word' id='word_1_107' title='bbox 790 1518 946 1585; x_wconf 82' lang='lat' dir='ltr'><strong>exspecto:</strong></span> <span class='ocrx_word' id='word_1_108' title='bbox 975 1509 1089 1568; x_wconf 86' lang='lat' dir='ltr'><strong>utinam</strong></span> 
     </span>
     <span class='ocr_line' id='line_1_15' title="bbox 149 1603 1088 1681; baseline 0.003 -18"><span class='ocrx_word' id='word_1_109' title='bbox 149 1604 256 1681; x_wconf 87' lang='lat' dir='ltr'><strong>aliquid</strong></span> <span class='ocrx_word' id='word_1_110' title='bbox 284 1604 375 1662; x_wconf 91' lang='lat' dir='ltr'><strong>simile</strong></span> <span class='ocrx_word' id='word_1_111' title='bbox 402 1603 541 1663; x_wconf 88' lang='lat' dir='ltr'><strong>Parthicis</strong></span> <span class='ocrx_word' id='word_1_112' title='bbox 568 1606 673 1663; x_wconf 90' lang='lat' dir='ltr'><strong>rebusl</strong></span> <span class='ocrx_word' id='word_1_113' title='bbox 703 1605 788 1663; x_wconf 90' lang='lat' dir='ltr'><strong>simul</strong></span> <span class='ocrx_word' id='word_1_114' title='bbox 815 1604 923 1680; x_wconf 87' lang='lat' dir='ltr'><strong>aliquid</strong></span> <span class='ocrx_word' id='word_1_115' title='bbox 958 1606 1088 1679; x_wconf 88' lang='lat' dir='ltr'><strong>audiero,</strong></span> 
     </span>
     <span class='ocr_line' id='line_1_16' title="bbox 149 1702 1089 1777; baseline 0.004 -17"><span class='ocrx_word' id='word_1_116' title='bbox 149 1703 272 1760; x_wconf 89' lang='lat' dir='ltr'><strong>scribam</strong></span> <span class='ocrx_word' id='word_1_117' title='bbox 300 1702 338 1760; x_wconf 87' lang='lat' dir='ltr'><strong>ad</strong></span> <span class='ocrx_word' id='word_1_118' title='bbox 365 1712 413 1761; x_wconf 90' lang='lat' dir='ltr'><strong>te:</strong></span> <span class='ocrx_word' id='word_1_119' title='bbox 441 1712 473 1761; x_wconf 92' lang='lat' dir='ltr'><strong>tu</strong></span> <span class='ocrx_word' id='word_1_120' title='bbox 497 1702 534 1760; x_wconf 89' lang='lat' dir='ltr'><strong>ad</strong></span> <span class='ocrx_word' id='word_1_121' title='bbox 561 1721 608 1760; x_wconf 92' lang='lat' dir='ltr'><strong>me</strong></span> <span class='ocrx_word' id='word_1_122' title='bbox 636 1702 720 1760; x_wconf 91' lang='lat' dir='ltr'><strong>velim</strong></span> <span class='ocrx_word' id='word_1_123' title='bbox 748 1704 893 1761; x_wconf 91' lang='lat' dir='ltr'><strong>bonorum</strong></span> <span class='ocrx_word' id='word_1_124' title='bbox 918 1720 1089 1777; x_wconf 81' lang='lat' dir='ltr'><strong>sermones3</strong></span> 
     </span>
     <span class='ocr_line' id='line_1_17' title="bbox 149 1786 1090 1876; baseline 0.003 -18"><span class='ocrx_word' id='word_1_125' title='bbox 149 1798 263 1858; x_wconf 90' lang='lat' dir='ltr'><strong>Romae</strong></span> <span class='ocrx_word' id='word_1_126' title='bbox 287 1799 450 1875; x_wconf 81' lang='lat' dir='ltr'><strong>frequentes</strong></span> <span class='ocrx_word' id='word_1_127' title='bbox 473 1818 536 1858; x_wconf 90' lang='lat' dir='ltr'><strong>esse</strong></span> <span class='ocrx_word' id='word_1_128' title='bbox 562 1801 703 1859; x_wconf 89' lang='lat' dir='ltr'><strong>dicuntur.</strong></span> <span class='ocrx_word' id='word_1_129' title='bbox 744 1799 812 1858; x_wconf 88' lang='lat' dir='ltr'><strong>Scio</strong></span> <span class='ocrx_word' id='word_1_130' title='bbox 837 1786 973 1876; x_wconf 82' lang='lat' dir='ltr'><strong>equidem</strong></span> <span class='ocrx_word' id='word_1_131' title='bbox 1000 1810 1031 1859; x_wconf 91' lang='lat' dir='ltr'><strong>te</strong></span> <span class='ocrx_word' id='word_1_132' title='bbox 1058 1803 1090 1861; x_wconf 92' lang='lat' dir='ltr'><strong>in</strong></span> 
     </span>
     <span class='ocr_line' id='line_1_18' title="bbox 148 1897 1092 1974; baseline 0.004 -19"><span class='ocrx_word' id='word_1_133' title='bbox 148 1898 295 1973; x_wconf 86' lang='lat' dir='ltr'><strong>publicum</strong></span> <span class='ocrx_word' id='word_1_134' title='bbox 311 1915 373 1955; x_wconf 91' lang='lat' dir='ltr'><strong>non</strong></span> <span class='ocrx_word' id='word_1_135' title='bbox 392 1897 515 1974; x_wconf 89' lang='lat' dir='ltr'><strong>prodire,</strong></span> <span class='ocrx_word' id='word_1_136' title='bbox 531 1898 583 1956; x_wconf 93' lang='lat' dir='ltr'><strong>sed</strong></span> <span class='ocrx_word' id='word_1_137' title='bbox 597 1908 694 1956; x_wconf 85' lang='lat' dir='ltr'><strong>tamen</strong></span> <span class='ocrx_word' id='word_1_138' title='bbox 708 1898 807 1956; x_wconf 91' lang='lat' dir='ltr'><strong>audire</strong></span> <span class='ocrx_word' id='word_1_139' title='bbox 822 1907 849 1956; x_wconf 93' lang='lat' dir='ltr'><strong>te</strong></span> <span class='ocrx_word' id='word_1_140' title='bbox 864 1897 953 1956; x_wconf 81' lang='lat' dir='ltr'><strong>mtrlta</strong></span> <span class='ocrx_word' id='word_1_141' title='bbox 967 1916 1092 1959; x_wconf 90' lang='lat' dir='ltr'><strong>necesse</strong></span> 
     </span>
     <span class='ocr_line' id='line_1_19' title="bbox 149 1993 1092 2070; baseline 0.004 -17"><span class='ocrx_word' id='word_1_142' title='bbox 149 2006 200 2053; x_wconf 91' lang='lat' dir='ltr'><strong>est.</strong></span> <span class='ocrx_word' id='word_1_143' title='bbox 242 1993 364 2053; x_wconf 88' lang='lat' dir='ltr'><strong>Memini</strong></span> <span class='ocrx_word' id='word_1_144' title='bbox 382 1995 486 2053; x_wconf 89' lang='lat' dir='ltr'><strong>librum</strong></span> <span class='ocrx_word' id='word_1_145' title='bbox 505 1996 555 2054; x_wconf 92' lang='lat' dir='ltr'><strong>tibi</strong></span> <span class='ocrx_word' id='word_1_146' title='bbox 576 1994 679 2053; x_wconf 82' lang='lat' dir='ltr'><strong>adferri</strong></span> <span class='ocrx_word' id='word_1_147' title='bbox 698 2013 716 2052; x_wconf 89' lang='lat' dir='ltr'><strong>a</strong></span> <span class='ocrx_word' id='word_1_148' title='bbox 731 1994 880 2053; x_wconf 89' lang='lat' dir='ltr'><strong>Demetrio</strong></span> <span class='ocrx_word' id='word_1_149' title='bbox 895 1993 1037 2070; x_wconf 87' lang='lat' dir='ltr'><strong>Magnete</strong></span> <span class='ocrx_word' id='word_1_150' title='bbox 1052 1998 1092 2057; x_wconf 87' lang='lat' dir='ltr'><strong>ad</strong></span> 
     </span>
     <span class='ocr_line' id='line_1_20' title="bbox 148 2087 1091 2173; baseline 0.006 -23"><span class='ocrx_word' id='word_1_151' title='bbox 148 2103 176 2150; x_wconf 92' lang='lat' dir='ltr'><strong>te</strong></span> <span class='ocrx_word' id='word_1_152' title='bbox 197 2092 318 2150; x_wconf 91' lang='lat' dir='ltr'><strong>missurn</strong></span> <span class='ocrx_word' id='word_1_153' title='bbox 338 2087 425 2173; x_wconf 88' lang='lat' dir='ltr'><strong>[scio]</strong></span> <span class='ocrx_word' id='word_1_154' title='bbox 444 2095 502 2166; x_wconf 78' lang='grc' dir='ltr'>περὶ</span> <span class='ocrx_word' id='word_1_155' title='bbox 522 2095 646 2164; x_wconf 75' lang='grc' dir='ltr'>ὁμονοίας.</span> <span class='ocrx_word' id='word_1_156' title='bbox 686 2091 763 2151; x_wconf 80' lang='lat' dir='ltr'><strong>Eum</strong></span> <span class='ocrx_word' id='word_1_157' title='bbox 784 2091 855 2150; x_wconf 91' lang='lat' dir='ltr'><strong>mihi</strong></span> <span class='ocrx_word' id='word_1_158' title='bbox 875 2092 961 2150; x_wconf 88' lang='lat' dir='ltr'><strong>velim</strong></span> <span class='ocrx_word' id='word_1_159' title='bbox 982 2093 1091 2156; x_wconf 72' lang='lat' dir='ltr'><strong>mittas</strong></span> 
     </span>
     <span class='ocr_line' id='line_1_21' title="bbox 148 2189 626 2267; baseline 0 -19"><span class='ocrx_word' id='word_1_160' title='bbox 148 2189 249 2264; x_wconf 90' lang='lat' dir='ltr'><strong>Vides,</strong></span> <span class='ocrx_word' id='word_1_161' title='bbox 263 2209 350 2267; x_wconf 90' lang='lat' dir='ltr'><strong>quarn</strong></span> <span class='ocrx_word' id='word_1_162' title='bbox 364 2209 483 2250; x_wconf 90' lang='lat' dir='ltr'><strong>causam</strong></span> <span class='ocrx_word' id='word_1_163' title='bbox 496 2191 626 2249; x_wconf 89' lang='lat' dir='ltr'><strong>mediter.</strong></span> 
     </span>
    </p>
   </div>
   <div class='ocr_carea' id='block_1_3' title="bbox 352 2344 887 2422">
    <p class='ocr_par' dir='ltr' id='par_1_3' title="bbox 352 2344 887 2422">
     <span class='ocr_line' id='line_1_22' title="bbox 352 2344 887 2422; baseline 0 -17"><span class='ocrx_word' id='word_1_164' title='bbox 352 2351 399 2406; x_wconf 78' lang='lat' dir='ltr'><strong>sa</strong></span> <span class='ocrx_word' id='word_1_165' title='bbox 440 2346 499 2406; x_wconf 83' lang='lat' dir='ltr'><strong>nn</strong></span> <span class='ocrx_word' id='word_1_166' title='bbox 519 2345 714 2406; x_wconf 74' lang='grc' dir='ltr'><strong>Αιιιουιι</strong></span> <span class='ocrx_word' id='word_1_167' title='bbox 733 2344 819 2406; x_wconf 86' lang='lat' dir='ltr'><strong>vnr.</strong></span> <span class='ocrx_word' id='word_1_168' title='bbox 843 2366 887 2422; x_wconf 82' lang='lat'><strong>13.</strong></span> 
     </span>
    </p>
   </div>
   <div class='ocr_carea' id='block_1_4' title="bbox 260 2460 985 2628">
    <p class='ocr_par' dir='ltr' id='par_1_4' title="bbox 260 2460 985 2628">
     <span class='ocr_line' id='line_1_23' title="bbox 260 2460 985 2538; baseline 0.004 -18"><span class='ocrx_word' id='word_1_169' title='bbox 260 2461 325 2523; x_wconf 81' lang='lat' dir='ltr'><strong>Scn.</strong></span> <span class='ocrx_word' id='word_1_170' title='bbox 347 2461 469 2522; x_wconf 82' lang='lat' dir='ltr'><strong>Fonuus</strong></span> <span class='ocrx_word' id='word_1_171' title='bbox 490 2461 642 2520; x_wconf 76' lang='lat' dir='ltr'><strong>Kannnms</strong></span> <span class='ocrx_word' id='word_1_172' title='bbox 662 2460 792 2520; x_wconf 74' lang='lat' dir='ltr'><strong>Mantus</strong></span> <span class='ocrx_word' id='word_1_173' title='bbox 811 2479 896 2520; x_wconf 73' lang='lat' dir='ltr'><strong>auc.</strong></span> <span class='ocrx_word' id='word_1_174' title='bbox 916 2473 985 2538; x_wconf 83' lang='lat'><strong>705.</strong></span> 
     </span>
     <span class='ocr_line' id='line_1_24' title="bbox 463 2586 773 2628; baseline -0.006 0"><span class='ocrx_word' id='word_1_175' title='bbox 463 2587 565 2628; x_wconf 81' lang='lat' dir='ltr'><strong>crcnno</strong></span> <span class='ocrx_word' id='word_1_176' title='bbox 586 2586 692 2628; x_wconf 76' lang='lat' dir='ltr'><strong>arrrco</strong></span> <span class='ocrx_word' id='word_1_177' title='bbox 712 2586 773 2626; x_wconf 74' lang='lat' dir='ltr'><strong>sm.</strong></span> 
     </span>
    </p>
   </div>
   <div class='ocr_carea' id='block_1_5' title="bbox 150 2680 1092 3442">
    <p class='ocr_par' dir='ltr' id='par_1_5' title="bbox 150 2680 1092 3442">
     <span class='ocr_line' id='line_1_25' title="bbox 195 2680 1092 2755; baseline 0.006 -14"><span class='ocrx_word' id='word_1_178' title='bbox 195 2701 219 2741; x_wconf 92' lang='lat'><strong>1.</strong></span> <span class='ocrx_word' id='word_1_179' title='bbox 241 2681 437 2742; x_wconf 81' lang='lat' dir='ltr'><strong>Lrnnrrunnus</strong></span> <span class='ocrx_word' id='word_1_180' title='bbox 454 2699 538 2740; x_wconf 88' lang='lat' dir='ltr'><strong>meae</strong></span> <span class='ocrx_word' id='word_1_181' title='bbox 557 2681 672 2755; x_wconf 87' lang='lat' dir='ltr'><strong>signum</strong></span> <span class='ocrx_word' id='word_1_182' title='bbox 691 2681 742 2738; x_wconf 89' lang='lat' dir='ltr'><strong>tibi</strong></span> <span class='ocrx_word' id='word_1_183' title='bbox 761 2681 797 2739; x_wconf 92' lang='lat' dir='ltr'><strong>sit</strong></span> <span class='ocrx_word' id='word_1_184' title='bbox 812 2680 916 2739; x_wconf 89' lang='lat' dir='ltr'><strong>librarii</strong></span> <span class='ocrx_word' id='word_1_185' title='bbox 934 2699 1040 2744; x_wconf 86' lang='lat' dir='ltr'><strong>manus</strong></span> <span class='ocrx_word' id='word_1_186' title='bbox 1061 2695 1092 2745; x_wconf 88' lang='lat' dir='ltr'><strong>et</strong></span> 
     </span>
     <span class='ocr_line' id='line_1_26' title="bbox 152 2776 1090 2853; baseline 0.001 -14"><span class='ocrx_word' id='word_1_187' title='bbox 152 2783 256 2840; x_wconf 90' lang='lat' dir='ltr'><strong>eadem</strong></span> <span class='ocrx_word' id='word_1_188' title='bbox 276 2799 363 2838; x_wconf 89' lang='lat' dir='ltr'><strong>causa</strong></span> <span class='ocrx_word' id='word_1_189' title='bbox 381 2779 532 2849; x_wconf 87' lang='lat' dir='ltr'><strong>brevitatis,</strong></span> <span class='ocrx_word' id='word_1_190' title='bbox 547 2778 600 2836; x_wconf 91' lang='lat' dir='ltr'><strong>etsi</strong></span> <span class='ocrx_word' id='word_1_191' title='bbox 614 2796 692 2835; x_wconf 89' lang='lat' dir='ltr'><strong>nunc</strong></span> <span class='ocrx_word' id='word_1_192' title='bbox 707 2776 824 2853; x_wconf 89' lang='lat' dir='ltr'><strong>quidem</strong></span> <span class='ocrx_word' id='word_1_193' title='bbox 838 2778 918 2853; x_wconf 90' lang='lat' dir='ltr'><strong>quod</strong></span> <span class='ocrx_word' id='word_1_194' title='bbox 932 2781 1090 2840; x_wconf 85' lang='lat' dir='ltr'><strong>scriberem</strong></span> 
     </span>
     <span class='ocr_line' id='line_1_27' title="bbox 151 2875 1091 2952; baseline -0.002 -14"><span class='ocrx_word' id='word_1_195' title='bbox 151 2880 221 2938; x_wconf 91' lang='lat' dir='ltr'><strong>nihil</strong></span> <span class='ocrx_word' id='word_1_196' title='bbox 240 2888 311 2937; x_wconf 89' lang='lat' dir='ltr'><strong>erat:</strong></span> <span class='ocrx_word' id='word_1_197' title='bbox 335 2879 430 2937; x_wconf 90' lang='lat' dir='ltr'><strong>omnis</strong></span> <span class='ocrx_word' id='word_1_198' title='bbox 449 2875 625 2952; x_wconf 83' lang='lat' dir='ltr'><strong>exspectatio</strong></span> <span class='ocrx_word' id='word_1_199' title='bbox 643 2886 743 2933; x_wconf 87' lang='lat' dir='ltr'><strong>nostra</strong></span> <span class='ocrx_word' id='word_1_200' title='bbox 756 2884 815 2933; x_wconf 89' lang='lat' dir='ltr'><strong>erat</strong></span> <span class='ocrx_word' id='word_1_201' title='bbox 829 2877 858 2933; x_wconf 92' lang='lat' dir='ltr'><strong>in</strong></span> <span class='ocrx_word' id='word_1_202' title='bbox 872 2877 979 2935; x_wconf 91' lang='lat' dir='ltr'><strong>nuntiis</strong></span> <span class='ocrx_word' id='word_1_203' title='bbox 993 2877 1091 2947; x_wconf 89' lang='lat' dir='ltr'><strong>Brun·</strong></span> 
     </span>
     <span class='ocr_line' id='line_1_28' title="bbox 153 2971 1090 3050; baseline 0.001 -15"><span class='ocrx_word' id='word_1_204' title='bbox 153 2979 260 3036; x_wconf 91' lang='lat' dir='ltr'><strong>disinis.</strong></span> <span class='ocrx_word' id='word_1_205' title='bbox 303 2976 333 3034; x_wconf 90' lang='lat' dir='ltr'><strong>Si</strong></span> <span class='ocrx_word' id='word_1_206' title='bbox 347 2985 449 3034; x_wconf 89' lang='lat' dir='ltr'><strong>nactus</strong></span> <span class='ocrx_word' id='word_1_207' title='bbox 463 2973 509 3032; x_wconf 93' lang='lat' dir='ltr'><strong>hic</strong></span> <span class='ocrx_word' id='word_1_208' title='bbox 523 2983 598 3031; x_wconf 91' lang='lat' dir='ltr'><strong>esset</strong></span> <span class='ocrx_word' id='word_1_209' title='bbox 612 2971 747 3031; x_wconf 91' lang='lat' dir='ltr'><strong>Gnaeum</strong></span> <span class='ocrx_word' id='word_1_210' title='bbox 759 2982 899 3045; x_wconf 89' lang='lat' dir='ltr'><strong>nostrum,</strong></span> <span class='ocrx_word' id='word_1_211' title='bbox 913 2991 980 3050; x_wconf 91' lang='lat' dir='ltr'><strong>spes</strong></span> <span class='ocrx_word' id='word_1_212' title='bbox 1000 2975 1090 3036; x_wconf 87' lang='lat' dir='ltr'><strong>dubia</strong></span> 
     </span>
     <span class='ocr_line' id='line_1_29' title="bbox 153 3071 1089 3151; baseline 0.001 -18"><span class='ocrx_word' id='word_1_213' title='bbox 153 3076 240 3151; x_wconf 89' lang='lat' dir='ltr'><strong>pacis,</strong></span> <span class='ocrx_word' id='word_1_214' title='bbox 256 3075 300 3132; x_wconf 92' lang='lat' dir='ltr'><strong>sin</strong></span> <span class='ocrx_word' id='word_1_215' title='bbox 321 3073 365 3131; x_wconf 88' lang='lat' dir='ltr'><strong>ille</strong></span> <span class='ocrx_word' id='word_1_216' title='bbox 386 3081 452 3130; x_wconf 89' lang='lat' dir='ltr'><strong>ante</strong></span> <span class='ocrx_word' id='word_1_217' title='bbox 473 3072 649 3140; x_wconf 89' lang='lat' dir='ltr'><strong>tramisisset,</strong></span> <span class='ocrx_word' id='word_1_218' title='bbox 664 3071 776 3128; x_wconf 84' lang='lat' dir='ltr'><strong>exitiosi</strong></span> <span class='ocrx_word' id='word_1_219' title='bbox 797 3071 863 3129; x_wconf 90' lang='lat' dir='ltr'><strong>belli</strong></span> <span class='ocrx_word' id='word_1_220' title='bbox 884 3081 989 3133; x_wconf 83' lang='lat' dir='ltr'><strong>metus.</strong></span> <span class='ocrx_word' id='word_1_221' title='bbox 1029 3073 1089 3134; x_wconf 91' lang='lat' dir='ltr'><strong>Sed</strong></span> 
     </span>
     <span class='ocr_line' id='line_1_30' title="bbox 150 3168 1089 3248; baseline 0 -19"><span class='ocrx_word' id='word_1_222' title='bbox 150 3174 278 3244; x_wconf 85' lang='lat' dir='ltr'><strong>videsne,</strong></span> <span class='ocrx_word' id='word_1_223' title='bbox 297 3173 327 3228; x_wconf 92' lang='lat' dir='ltr'><strong>in</strong></span> <span class='ocrx_word' id='word_1_224' title='bbox 348 3189 436 3248; x_wconf 89' lang='lat' dir='ltr'><strong>quem</strong></span> <span class='ocrx_word' id='word_1_225' title='bbox 456 3169 605 3227; x_wconf 90' lang='lat' dir='ltr'><strong>hominem</strong></span> <span class='ocrx_word' id='word_1_226' title='bbox 627 3169 756 3226; x_wconf 90' lang='lat' dir='ltr'><strong>inciderit</strong></span> <span class='ocrx_word' id='word_1_227' title='bbox 776 3186 822 3226; x_wconf 90' lang='lat' dir='ltr'><strong>res</strong></span> <span class='ocrx_word' id='word_1_228' title='bbox 842 3168 977 3243; x_wconf 82' lang='lat' dir='ltr'><strong>publica?</strong></span> <span class='ocrx_word' id='word_1_229' title='bbox 999 3188 1089 3246; x_wconf 90' lang='lat' dir='ltr'><strong>quam</strong></span> 
     </span>
     <span class='ocr_line' id='line_1_31' title="bbox 151 3266 1088 3346; baseline -0.002 -17"><span class='ocrx_word' id='word_1_230' title='bbox 151 3280 277 3341; x_wconf 88' lang='lat' dir='ltr'><strong>acutum,</strong></span> <span class='ocrx_word' id='word_1_231' title='bbox 296 3287 384 3346; x_wconf 90' lang='lat' dir='ltr'><strong>quam</strong></span> <span class='ocrx_word' id='word_1_232' title='bbox 405 3267 577 3344; x_wconf 88' lang='lat' dir='ltr'><strong>vigilantem,</strong></span> <span class='ocrx_word' id='word_1_233' title='bbox 599 3284 687 3343; x_wconf 89' lang='lat' dir='ltr'><strong>quam</strong></span> <span class='ocrx_word' id='word_1_234' title='bbox 707 3267 859 3342; x_wconf 84' lang='lat' dir='ltr'><strong>paratum?</strong></span> <span class='ocrx_word' id='word_1_235' title='bbox 880 3266 904 3324; x_wconf 95' lang='lat' dir='ltr'><strong>si</strong></span> <span class='ocrx_word' id='word_1_236' title='bbox 924 3266 1088 3327; x_wconf 90' lang='lat' dir='ltr'><strong>mehercule</strong></span> 
     </span>
     <span class='ocr_line' id='line_1_32' title="bbox 150 3364 1088 3442; baseline -0.002 -13"><span class='ocrx_word' id='word_1_237' title='bbox 150 3369 297 3429; x_wconf 89' lang='lat' dir='ltr'><strong>neminem</strong></span> <span class='ocrx_word' id='word_1_238' title='bbox 320 3367 458 3427; x_wconf 89' lang='lat' dir='ltr'><strong>occiderit</strong></span> <span class='ocrx_word' id='word_1_239' title='bbox 481 3383 536 3425; x_wconf 92' lang='lat' dir='ltr'><strong>nec</strong></span> <span class='ocrx_word' id='word_1_240' title='bbox 555 3366 688 3442; x_wconf 90' lang='lat' dir='ltr'><strong>cuiquam</strong></span> <span class='ocrx_word' id='word_1_241' title='bbox 708 3365 863 3441; x_wconf 89' lang='lat' dir='ltr'><strong>quicquam</strong></span> <span class='ocrx_word' id='word_1_242' title='bbox 884 3364 1032 3439; x_wconf 87' lang='lat' dir='ltr'><strong>ademerit,</strong></span> <span class='ocrx_word' id='word_1_243' title='bbox 1050 3367 1088 3427; x_wconf 88' lang='lat' dir='ltr'><strong>ab</strong></span> 
     </span>
    </p>
   </div>
   <div class='ocr_carea' id='block_1_6' title="bbox 0 0 1255 3840">
    <p class='ocr_par' dir='ltr' id='par_1_6' title="bbox 0 0 1255 3840">
     <span class='ocr_line' id='line_1_33' title="bbox 0 0 1255 3840; baseline 0 0"><span class='ocrx_word' id='word_1_244' title='bbox 0 0 1255 3840; x_wconf 95' lang='lat' dir='ltr'><strong> </strong></span> 
     </span>
    </p>
   </div>
  </div>
 </body>
</html>
