<?xml version="1.0" encoding="UTF-8"?>
<!DOCTYPE html PUBLIC "-//W3C//DTD XHTML 1.0 Transitional//EN"
    "http://www.w3.org/TR/xhtml1/DTD/xhtml1-transitional.dtd">
<html xmlns="http://www.w3.org/1999/xhtml" xml:lang="en" lang="en">
 <head>
  <title>
</title>
<meta http-equiv="Content-Type" content="text/html;charset=utf-8" />
  <meta name='ocr-system' content='tesseract 3.04.00' />
  <meta name='ocr-capabilities' content='ocr_page ocr_carea ocr_par ocr_line ocrx_word'/>
</head>
<body>
  <div class='ocr_page' id='page_1' title='image "./epistolaeselect00cicegoog/epistolaeselect00cicegoog_0135.png"; bbox 0 0 2392 3848; ppageno 0'>
   <div class='ocr_carea' id='block_1_1' title="bbox 122 189 1069 287">
    <p class='ocr_par' dir='ltr' id='par_1_1' title="bbox 122 189 1069 287">
     <span class='ocr_line' id='line_1_1' title="bbox 122 189 1069 287; baseline -0.004 -24"><span class='ocrx_word' id='word_1_1' title='bbox 122 214 168 279; x_wconf 66' lang='lat' dir='ltr'>sp.</span> <span class='ocrx_word' id='word_1_2' title='bbox 182 198 237 287; x_wconf 62' lang='grc' dir='ltr'>ῃ]</span> <span class='ocrx_word' id='word_1_3' title='bbox 350 209 462 261; x_wconf 79' lang='lat' dir='ltr'>nrrsn</span> <span class='ocrx_word' id='word_1_4' title='bbox 486 210 536 259; x_wconf 78' lang='lat' dir='ltr'>nn</span> <span class='ocrx_word' id='word_1_5' title='bbox 556 208 722 260; x_wconf 70' lang='lat' dir='ltr'>arricum</span> <span class='ocrx_word' id='word_1_6' title='bbox 744 211 791 260; x_wconf 76' lang='lat' dir='ltr'>rr</span> <span class='ocrx_word' id='word_1_7' title='bbox 813 189 844 260; x_wconf 90' lang='lat'>6.</span> <span class='ocrx_word' id='word_1_8' title='bbox 1010 213 1069 280; x_wconf 92' lang='lat'>119</span> 
     </span>
    </p>
   </div>
   <div class='ocr_carea' id='block_1_2' title="bbox 119 359 1078 3465">
    <p class='ocr_par' dir='ltr' id='par_1_2' title="bbox 119 359 1078 3465">
     <span class='ocr_line' id='line_1_2' title="bbox 121 359 1070 437; baseline -0.005 -16"><span class='ocrx_word' id='word_1_9' title='bbox 121 372 153 421; x_wconf 89' lang='lat' dir='ltr'>te</span> <span class='ocrx_word' id='word_1_10' title='bbox 171 370 254 421; x_wconf 89' lang='lat' dir='ltr'>certo</span> <span class='ocrx_word' id='word_1_11' title='bbox 274 359 338 420; x_wconf 90' lang='lat' dir='ltr'>scio</span> <span class='ocrx_word' id='word_1_12' title='bbox 356 360 463 431; x_wconf 90' lang='lat' dir='ltr'>dolere,</span> <span class='ocrx_word' id='word_1_13' title='bbox 478 360 614 437; x_wconf 84' lang='lat' dir='ltr'>equidem</span> <span class='ocrx_word' id='word_1_14' title='bbox 636 361 800 432; x_wconf 87' lang='lat' dir='ltr'>excrucior;</span> <span class='ocrx_word' id='word_1_15' title='bbox 824 360 971 418; x_wconf 87' lang='lat' dir='ltr'>decreram</span> <span class='ocrx_word' id='word_1_16' title='bbox 992 361 1070 416; x_wconf 91' lang='lat' dir='ltr'>enim</span> 
     </span>
     <span class='ocr_line' id='line_1_3' title="bbox 120 456 1071 532; baseline -0.006 -12"><span class='ocrx_word' id='word_1_17' title='bbox 120 477 193 520; x_wconf 81' lang='lat' dir='ltr'>cum</span> <span class='ocrx_word' id='word_1_18' title='bbox 220 476 258 517; x_wconf 89' lang='lat' dir='ltr'>eo</span> <span class='ocrx_word' id='word_1_19' title='bbox 290 457 373 517; x_wconf 85' lang='lat' dir='ltr'>valde</span> <span class='ocrx_word' id='word_1_20' title='bbox 403 457 576 516; x_wconf 85' lang='lat' dir='ltr'>familiariter</span> <span class='ocrx_word' id='word_1_21' title='bbox 606 458 708 517; x_wconf 87' lang='lat' dir='ltr'>vivere.</span> <span class='ocrx_word' id='word_1_22' title='bbox 765 477 791 531; x_wconf 85' lang='lat'>3.</span> <span class='ocrx_word' id='word_1_23' title='bbox 813 456 878 515; x_wconf 91' lang='lat' dir='ltr'>Nos</span> <span class='ocrx_word' id='word_1_24' title='bbox 906 457 1071 532; x_wconf 90' lang='lat' dir='ltr'>provinciae</span> 
     </span>
     <span class='ocr_line' id='line_1_4' title="bbox 120 553 1071 637; baseline -0.005 -20"><span class='ocrx_word' id='word_1_25' title='bbox 120 556 318 637; x_wconf 81' lang='lat' dir='ltr'>praefecimus</span> <span class='ocrx_word' id='word_1_26' title='bbox 353 555 501 614; x_wconf 88' lang='lat' dir='ltr'>Caelium:</span> <span class='ocrx_word' id='word_1_27' title='bbox 537 553 692 631; x_wconf 89' lang='lat' dir='ltr'>‘puerum&#39;</span> <span class='ocrx_word' id='word_1_28' title='bbox 726 554 838 631; x_wconf 91' lang='lat' dir='ltr'>inquies</span> <span class='ocrx_word' id='word_1_29' title='bbox 871 558 923 627; x_wconf 86' lang='lat' dir='ltr'>‘et</span> <span class='ocrx_word' id='word_1_30' title='bbox 949 553 1071 612; x_wconf 90' lang='lat' dir='ltr'>fortasse</span> 
     </span>
     <span class='ocr_line' id='line_1_5' title="bbox 120 651 1070 731; baseline -0.006 -16"><span class='ocrx_word' id='word_1_31' title='bbox 120 656 236 715; x_wconf 81' lang='lat' dir='ltr'>fatuum</span> <span class='ocrx_word' id='word_1_32' title='bbox 251 667 279 714; x_wconf 93' lang='lat' dir='ltr'>et</span> <span class='ocrx_word' id='word_1_33' title='bbox 294 672 355 713; x_wconf 90' lang='lat' dir='ltr'>non</span> <span class='ocrx_word' id='word_1_34' title='bbox 369 673 487 731; x_wconf 87' lang='lat' dir='ltr'>gravem</span> <span class='ocrx_word' id='word_1_35' title='bbox 507 661 535 712; x_wconf 95' lang='lat' dir='ltr'>et</span> <span class='ocrx_word' id='word_1_36' title='bbox 554 672 615 711; x_wconf 88' lang='lat' dir='ltr'>non</span> <span class='ocrx_word' id='word_1_37' title='bbox 637 651 853 712; x_wconf 68' lang='lat' dir='ltr'>continentem?</span> <span class='ocrx_word' id='word_1_38' title='bbox 895 652 1070 711; x_wconf 84' lang='lat' dir='ltr'>Adsentior:</span> 
     </span>
     <span class='ocr_line' id='line_1_6' title="bbox 119 733 1072 830; baseline -0.004 -19"><span class='ocrx_word' id='word_1_39' title='bbox 119 753 185 813; x_wconf 87' lang='lat' dir='ltr'>fieri</span> <span class='ocrx_word' id='word_1_40' title='bbox 207 771 269 811; x_wconf 89' lang='lat' dir='ltr'>non</span> <span class='ocrx_word' id='word_1_41' title='bbox 290 753 384 830; x_wconf 91' lang='lat' dir='ltr'>potuit</span> <span class='ocrx_word' id='word_1_42' title='bbox 411 733 500 809; x_wconf 85' lang='lat' dir='ltr'>aliter.</span> <span class='ocrx_word' id='word_1_43' title='bbox 543 750 621 808; x_wconf 89' lang='lat' dir='ltr'>Nam</span> <span class='ocrx_word' id='word_1_44' title='bbox 642 769 717 826; x_wconf 88' lang='lat' dir='ltr'>quas</span> <span class='ocrx_word' id='word_1_45' title='bbox 737 750 829 808; x_wconf 91' lang='lat' dir='ltr'>multo</span> <span class='ocrx_word' id='word_1_46' title='bbox 850 759 917 807; x_wconf 85' lang='lat' dir='ltr'>ante</span> <span class='ocrx_word' id='word_1_47' title='bbox 938 759 1002 808; x_wconf 92' lang='lat' dir='ltr'>tuas</span> <span class='ocrx_word' id='word_1_48' title='bbox 1024 768 1072 808; x_wconf 82' lang='lat' dir='ltr'>ac·</span> 
     </span>
     <span class='ocr_line' id='line_1_7' title="bbox 120 847 1072 928; baseline -0.005 -18"><span class='ocrx_word' id='word_1_49' title='bbox 120 868 262 928; x_wconf 77' lang='lat' dir='ltr'>ceperam</span> <span class='ocrx_word' id='word_1_50' title='bbox 274 850 390 919; x_wconf 86' lang='lat' dir='ltr'>litteras,</span> <span class='ocrx_word' id='word_1_51' title='bbox 405 848 555 924; x_wconf 90' lang='lat' dir='ltr'>inquibus</span> <span class='ocrx_word' id='word_1_52' title='bbox 570 848 671 919; x_wconf 74' lang='grc' dir='ltr'>ἐπέχειν</span> <span class='ocrx_word' id='word_1_53' title='bbox 687 857 715 905; x_wconf 93' lang='lat' dir='ltr'>te</span> <span class='ocrx_word' id='word_1_54' title='bbox 730 848 895 923; x_wconf 69' lang='lat' dir='ltr'>scripseras</span> <span class='ocrx_word' id='word_1_55' title='bbox 911 847 981 922; x_wconf 91' lang='lat' dir='ltr'>quid</span> <span class='ocrx_word' id='word_1_56' title='bbox 995 857 1072 906; x_wconf 88' lang='lat' dir='ltr'>esset</span> 
     </span>
     <span class='ocr_line' id='line_1_8' title="bbox 119 944 1072 1020; baseline -0.004 -13"><span class='ocrx_word' id='word_1_57' title='bbox 119 948 195 1007; x_wconf 85' lang='lat' dir='ltr'>mihi</span> <span class='ocrx_word' id='word_1_58' title='bbox 209 946 374 1005; x_wconf 88' lang='lat' dir='ltr'>faciendum</span> <span class='ocrx_word' id='word_1_59' title='bbox 388 946 424 1004; x_wconf 93' lang='lat' dir='ltr'>de</span> <span class='ocrx_word' id='word_1_60' title='bbox 438 944 637 1020; x_wconf 89' lang='lat' dir='ltr'>relinquendo,</span> <span class='ocrx_word' id='word_1_61' title='bbox 653 963 705 1002; x_wconf 91' lang='lat' dir='ltr'>eae</span> <span class='ocrx_word' id='word_1_62' title='bbox 722 963 770 1002; x_wconf 92' lang='lat' dir='ltr'>me</span> <span class='ocrx_word' id='word_1_63' title='bbox 784 945 972 1020; x_wconf 87' lang='lat' dir='ltr'>pungebant;</span> <span class='ocrx_word' id='word_1_64' title='bbox 994 946 1072 1003; x_wconf 90' lang='lat' dir='ltr'>vide·</span> 
     </span>
     <span class='ocr_line' id='line_1_9' title="bbox 119 1042 1072 1120; baseline -0.005 -15"><span class='ocrx_word' id='word_1_65' title='bbox 119 1047 195 1105; x_wconf 79' lang='lat' dir='ltr'>bam</span> <span class='ocrx_word' id='word_1_66' title='bbox 209 1045 296 1116; x_wconf 92' lang='lat' dir='ltr'>enim,</span> <span class='ocrx_word' id='word_1_67' title='bbox 310 1062 386 1120; x_wconf 92' lang='lat' dir='ltr'>quae</span> <span class='ocrx_word' id='word_1_68' title='bbox 401 1043 452 1101; x_wconf 87' lang='lat' dir='ltr'>tibi</span> <span class='ocrx_word' id='word_1_69' title='bbox 465 1051 562 1101; x_wconf 88' lang='lat' dir='ltr'>essent</span> <span class='ocrx_word' id='word_1_70' title='bbox 576 1043 672 1114; x_wconf 71' lang='grc' dir='ltr'>ἐποχῆς</span> <span class='ocrx_word' id='word_1_71' title='bbox 685 1059 798 1111; x_wconf 89' lang='lat' dir='ltr'>causae,</span> <span class='ocrx_word' id='word_1_72' title='bbox 813 1052 841 1099; x_wconf 93' lang='lat' dir='ltr'>et</span> <span class='ocrx_word' id='word_1_73' title='bbox 856 1052 937 1100; x_wconf 89' lang='lat' dir='ltr'>erant</span> <span class='ocrx_word' id='word_1_74' title='bbox 951 1042 1072 1100; x_wconf 84' lang='lat' dir='ltr'>eaedem</span> 
     </span>
     <span class='ocr_line' id='line_1_10' title="bbox 120 1141 1070 1221; baseline -0.007 -16"><span class='ocrx_word' id='word_1_75' title='bbox 120 1146 214 1205; x_wconf 87' lang='lat' dir='ltr'>mihi:</span> <span class='ocrx_word' id='word_1_76' title='bbox 236 1162 328 1221; x_wconf 91' lang='lat' dir='ltr'>puero</span> <span class='ocrx_word' id='word_1_77' title='bbox 342 1143 474 1202; x_wconf 86' lang='lat' dir='ltr'>tradere?</span> <span class='ocrx_word' id='word_1_78' title='bbox 496 1141 574 1201; x_wconf 88' lang='lat' dir='ltr'>fratri</span> <span class='ocrx_word' id='word_1_79' title='bbox 589 1142 705 1199; x_wconf 89' lang='lat' dir='ltr'>autem?</span> <span class='ocrx_word' id='word_1_80' title='bbox 727 1141 797 1199; x_wconf 92' lang='lat' dir='ltr'>illud</span> <span class='ocrx_word' id='word_1_81' title='bbox 811 1158 873 1199; x_wconf 92' lang='lat' dir='ltr'>non</span> <span class='ocrx_word' id='word_1_82' title='bbox 887 1141 955 1198; x_wconf 90' lang='lat' dir='ltr'>utile</span> <span class='ocrx_word' id='word_1_83' title='bbox 969 1143 1070 1212; x_wconf 91' lang='lat' dir='ltr'>nobis;</span> 
     </span>
     <span class='ocr_line' id='line_1_11' title="bbox 120 1239 1072 1319; baseline -0.005 -17"><span class='ocrx_word' id='word_1_84' title='bbox 120 1261 195 1302; x_wconf 86' lang='lat' dir='ltr'>nam</span> <span class='ocrx_word' id='word_1_85' title='bbox 219 1251 333 1319; x_wconf 87' lang='lat' dir='ltr'>praeter</span> <span class='ocrx_word' id='word_1_86' title='bbox 355 1241 471 1298; x_wconf 89' lang='lat' dir='ltr'>fratrem</span> <span class='ocrx_word' id='word_1_87' title='bbox 498 1257 586 1297; x_wconf 90' lang='lat' dir='ltr'>nemo</span> <span class='ocrx_word' id='word_1_88' title='bbox 610 1249 679 1310; x_wconf 83' lang='lat' dir='ltr'>erat,</span> <span class='ocrx_word' id='word_1_89' title='bbox 701 1256 790 1316; x_wconf 90' lang='lat' dir='ltr'>quem</span> <span class='ocrx_word' id='word_1_90' title='bbox 813 1239 874 1296; x_wconf 92' lang='lat' dir='ltr'>sine</span> <span class='ocrx_word' id='word_1_91' title='bbox 897 1240 1072 1297; x_wconf 91' lang='lat' dir='ltr'>contumelia</span> 
     </span>
     <span class='ocr_line' id='line_1_12' title="bbox 120 1335 1071 1419; baseline -0.005 -20"><span class='ocrx_word' id='word_1_92' title='bbox 120 1339 281 1419; x_wconf 83' lang='lat' dir='ltr'>quaestori,</span> <span class='ocrx_word' id='word_1_93' title='bbox 296 1337 386 1396; x_wconf 90' lang='lat' dir='ltr'>nobili</span> <span class='ocrx_word' id='word_1_94' title='bbox 399 1336 576 1412; x_wconf 88' lang='lat' dir='ltr'>praesertim,</span> <span class='ocrx_word' id='word_1_95' title='bbox 588 1335 768 1394; x_wconf 88' lang='lat' dir='ltr'>anteferrem.</span> <span class='ocrx_word' id='word_1_96' title='bbox 796 1335 921 1407; x_wconf 91' lang='lat' dir='ltr'>Tamen,</span> <span class='ocrx_word' id='word_1_97' title='bbox 934 1336 1004 1394; x_wconf 92' lang='lat' dir='ltr'>dum</span> <span class='ocrx_word' id='word_1_98' title='bbox 1018 1338 1071 1394; x_wconf 93' lang='lat' dir='ltr'>im-</span> 
     </span>
     <span class='ocr_line' id='line_1_13' title="bbox 121 1432 1072 1517; baseline -0.003 -21"><span class='ocrx_word' id='word_1_99' title='bbox 121 1437 256 1517; x_wconf 88' lang='lat' dir='ltr'>pendere</span> <span class='ocrx_word' id='word_1_100' title='bbox 275 1435 374 1495; x_wconf 89' lang='lat' dir='ltr'>Parthi</span> <span class='ocrx_word' id='word_1_101' title='bbox 394 1434 573 1506; x_wconf 87' lang='lat' dir='ltr'>videbantur,</span> <span class='ocrx_word' id='word_1_102' title='bbox 595 1443 751 1492; x_wconf 83' lang='lat' dir='ltr'>statueram</span> <span class='ocrx_word' id='word_1_103' title='bbox 772 1432 890 1491; x_wconf 89' lang='lat' dir='ltr'>fratrem</span> <span class='ocrx_word' id='word_1_104' title='bbox 912 1433 1072 1510; x_wconf 87' lang='lat' dir='ltr'>relinquere</span> 
     </span>
     <span class='ocr_line' id='line_1_14' title="bbox 121 1532 1072 1610; baseline -0.003 -17"><span class='ocrx_word' id='word_1_105' title='bbox 121 1546 176 1594; x_wconf 89' lang='lat' dir='ltr'>aut</span> <span class='ocrx_word' id='word_1_106' title='bbox 197 1536 286 1593; x_wconf 89' lang='lat' dir='ltr'>etiam</span> <span class='ocrx_word' id='word_1_107' title='bbox 306 1534 347 1592; x_wconf 89' lang='lat' dir='ltr'>rei</span> <span class='ocrx_word' id='word_1_108' title='bbox 368 1533 501 1610; x_wconf 90' lang='lat' dir='ltr'>publicae</span> <span class='ocrx_word' id='word_1_109' title='bbox 526 1550 615 1591; x_wconf 90' lang='lat' dir='ltr'>causa</span> <span class='ocrx_word' id='word_1_110' title='bbox 642 1542 744 1590; x_wconf 89' lang='lat' dir='ltr'>contra</span> <span class='ocrx_word' id='word_1_111' title='bbox 768 1540 886 1589; x_wconf 91' lang='lat' dir='ltr'>senatus</span> <span class='ocrx_word' id='word_1_112' title='bbox 907 1532 1072 1590; x_wconf 88' lang='lat' dir='ltr'>consultum</span> 
     </span>
     <span class='ocr_line' id='line_1_15' title="bbox 122 1628 1072 1711; baseline -0.003 -20"><span class='ocrx_word' id='word_1_113' title='bbox 122 1633 190 1711; x_wconf 85' lang='lat' dir='ltr'>ipse</span> <span class='ocrx_word' id='word_1_114' title='bbox 211 1649 368 1703; x_wconf 85' lang='lat' dir='ltr'>remanere,</span> <span class='ocrx_word' id='word_1_115' title='bbox 390 1631 441 1708; x_wconf 91' lang='lat' dir='ltr'>qui</span> <span class='ocrx_word' id='word_1_116' title='bbox 462 1639 656 1706; x_wconf 89' lang='lat' dir='ltr'>posteaquam</span> <span class='ocrx_word' id='word_1_117' title='bbox 676 1629 835 1687; x_wconf 90' lang='lat' dir='ltr'>incredibili</span> <span class='ocrx_word' id='word_1_118' title='bbox 859 1628 990 1687; x_wconf 90' lang='lat' dir='ltr'>felicitate</span> <span class='ocrx_word' id='word_1_119' title='bbox 1016 1631 1072 1689; x_wconf 91' lang='lat' dir='ltr'>dis·</span> 
     </span>
     <span class='ocr_line' id='line_1_16' title="bbox 122 1725 1070 1800; baseline -0.004 -9"><span class='ocrx_word' id='word_1_120' title='bbox 122 1739 283 1800; x_wconf 86' lang='lat' dir='ltr'>oessemnt,</span> <span class='ocrx_word' id='word_1_121' title='bbox 311 1729 423 1788; x_wconf 86' lang='lat' dir='ltr'>sublata</span> <span class='ocrx_word' id='word_1_122' title='bbox 450 1727 591 1786; x_wconf 89' lang='lat' dir='ltr'>dubitatio</span> <span class='ocrx_word' id='word_1_123' title='bbox 620 1735 672 1785; x_wconf 89' lang='lat' dir='ltr'>est.</span> <span class='ocrx_word' id='word_1_124' title='bbox 724 1725 870 1783; x_wconf 86' lang='lat' dir='ltr'>Videbam</span> <span class='ocrx_word' id='word_1_125' title='bbox 899 1743 1070 1787; x_wconf 86' lang='lat' dir='ltr'>sermones:</span> 
     </span>
     <span class='ocr_line' id='line_1_17' title="bbox 124 1823 1071 1902; baseline -0.004 -15"><span class='ocrx_word' id='word_1_126' title='bbox 124 1826 207 1898; x_wconf 87' lang='lat' dir='ltr'>‘hui,</span> <span class='ocrx_word' id='word_1_127' title='bbox 221 1827 337 1885; x_wconf 88' lang='lat' dir='ltr'>fratrem</span> <span class='ocrx_word' id='word_1_128' title='bbox 350 1827 477 1902; x_wconf 84' lang='lat' dir='ltr'>reliquit?</span> <span class='ocrx_word' id='word_1_129' title='bbox 499 1843 570 1882; x_wconf 90' lang='lat' dir='ltr'>num</span> <span class='ocrx_word' id='word_1_130' title='bbox 591 1835 635 1884; x_wconf 89' lang='lat' dir='ltr'>est</span> <span class='ocrx_word' id='word_1_131' title='bbox 656 1823 713 1882; x_wconf 92' lang='lat' dir='ltr'>hoc</span> <span class='ocrx_word' id='word_1_132' title='bbox 728 1841 789 1881; x_wconf 89' lang='lat' dir='ltr'>non</span> <span class='ocrx_word' id='word_1_133' title='bbox 804 1823 868 1899; x_wconf 92' lang='lat' dir='ltr'>plus</span> <span class='ocrx_word' id='word_1_134' title='bbox 889 1841 998 1882; x_wconf 88' lang='lat' dir='ltr'>annum</span> <span class='ocrx_word' id='word_1_135' title='bbox 1019 1827 1071 1883; x_wconf 93' lang='lat' dir='ltr'>ob-</span> 
     </span>
     <span class='ocr_line' id='line_1_18' title="bbox 123 1922 1071 2001; baseline -0.008 -12"><span class='ocrx_word' id='word_1_136' title='bbox 123 1928 218 1989; x_wconf 87' lang='lat' dir='ltr'>tinere</span> <span class='ocrx_word' id='word_1_137' title='bbox 238 1925 438 2001; x_wconf 88' lang='lat' dir='ltr'>provinciam?</span> <span class='ocrx_word' id='word_1_138' title='bbox 458 1923 537 1999; x_wconf 87' lang='lat' dir='ltr'>quid,</span> <span class='ocrx_word' id='word_1_139' title='bbox 562 1922 644 1998; x_wconf 91' lang='lat' dir='ltr'>quod</span> <span class='ocrx_word' id='word_1_140' title='bbox 666 1933 782 1980; x_wconf 87' lang='lat' dir='ltr'>senatus</span> <span class='ocrx_word' id='word_1_141' title='bbox 801 1939 853 1979; x_wconf 90' lang='lat' dir='ltr'>eos</span> <span class='ocrx_word' id='word_1_142' title='bbox 875 1922 966 1980; x_wconf 90' lang='lat' dir='ltr'>voluit</span> <span class='ocrx_word' id='word_1_143' title='bbox 989 1941 1071 1999; x_wconf 88' lang='lat' dir='ltr'>prae-</span> 
     </span>
     <span class='ocr_line' id='line_1_19' title="bbox 124 2019 1070 2099; baseline -0.01 -13"><span class='ocrx_word' id='word_1_144' title='bbox 124 2042 193 2086; x_wconf 83' lang='lat' dir='ltr'>esse</span> <span class='ocrx_word' id='word_1_145' title='bbox 212 2023 377 2099; x_wconf 68' lang='lat' dir='ltr'>provinciis</span> <span class='ocrx_word' id='word_1_146' title='bbox 395 2022 445 2097; x_wconf 92' lang='lat' dir='ltr'>qui</span> <span class='ocrx_word' id='word_1_147' title='bbox 466 2038 527 2078; x_wconf 89' lang='lat' dir='ltr'>non</span> <span class='ocrx_word' id='word_1_148' title='bbox 549 2021 759 2097; x_wconf 84' lang='lat' dir='ltr'>praefuissent?</span> <span class='ocrx_word' id='word_1_149' title='bbox 781 2030 811 2078; x_wconf 91' lang='lat' dir='ltr'>at</span> <span class='ocrx_word' id='word_1_150' title='bbox 831 2019 878 2078; x_wconf 91' lang='lat' dir='ltr'>hic</span> <span class='ocrx_word' id='word_1_151' title='bbox 899 2021 1070 2078; x_wconf 66' lang='lat' dir='ltr'>triennium?</span> 
     </span>
     <span class='ocr_line' id='line_1_20' title="bbox 126 2117 1073 2197; baseline -0.005 -16"><span class='ocrx_word' id='word_1_152' title='bbox 126 2142 158 2197; x_wconf 82' lang='grc'>4.</span> <span class='ocrx_word' id='word_1_153' title='bbox 178 2121 262 2197; x_wconf 84' lang='lat' dir='ltr'>E1go</span> <span class='ocrx_word' id='word_1_154' title='bbox 282 2119 354 2178; x_wconf 90' lang='lat' dir='ltr'>haec</span> <span class='ocrx_word' id='word_1_155' title='bbox 375 2119 413 2178; x_wconf 89' lang='lat' dir='ltr'>ad</span> <span class='ocrx_word' id='word_1_156' title='bbox 434 2118 585 2194; x_wconf 89' lang='lat' dir='ltr'>populum.</span> <span class='ocrx_word' id='word_1_157' title='bbox 627 2117 716 2189; x_wconf 88' lang='lat' dir='ltr'>Quid,</span> <span class='ocrx_word' id='word_1_158' title='bbox 736 2136 812 2194; x_wconf 91' lang='lat' dir='ltr'>quae</span> <span class='ocrx_word' id='word_1_159' title='bbox 833 2119 948 2176; x_wconf 90' lang='lat' dir='ltr'>tecum?</span> <span class='ocrx_word' id='word_1_160' title='bbox 980 2117 1073 2176; x_wconf 91' lang='lat' dir='ltr'>Num·</span> 
     </span>
     <span class='ocr_line' id='line_1_21' title="bbox 126 2215 1074 2298; baseline -0.004 -20"><span class='ocrx_word' id='word_1_161' title='bbox 126 2237 219 2298; x_wconf 91' lang='lat' dir='ltr'>quam</span> <span class='ocrx_word' id='word_1_162' title='bbox 233 2235 330 2276; x_wconf 89' lang='lat' dir='ltr'>essem</span> <span class='ocrx_word' id='word_1_163' title='bbox 344 2217 408 2275; x_wconf 91' lang='lat' dir='ltr'>sine</span> <span class='ocrx_word' id='word_1_164' title='bbox 421 2234 499 2288; x_wconf 88' lang='lat' dir='ltr'>cura,</span> <span class='ocrx_word' id='word_1_165' title='bbox 514 2217 538 2274; x_wconf 91' lang='lat' dir='ltr'>si</span> <span class='ocrx_word' id='word_1_166' title='bbox 557 2216 628 2292; x_wconf 90' lang='lat' dir='ltr'>quid</span> <span class='ocrx_word' id='word_1_167' title='bbox 642 2215 807 2274; x_wconf 90' lang='lat' dir='ltr'>iracundius</span> <span class='ocrx_word' id='word_1_168' title='bbox 821 2225 870 2273; x_wconf 87' lang='lat' dir='ltr'>aut</span> <span class='ocrx_word' id='word_1_169' title='bbox 884 2217 1074 2275; x_wconf 86' lang='lat' dir='ltr'>contumelio·</span> 
     </span>
     <span class='ocr_line' id='line_1_22' title="bbox 128 2312 1075 2391; baseline -0.007 -13"><span class='ocrx_word' id='word_1_170' title='bbox 128 2318 191 2379; x_wconf 80' lang='lat' dir='ltr'>sius</span> <span class='ocrx_word' id='word_1_171' title='bbox 211 2325 261 2375; x_wconf 90' lang='lat' dir='ltr'>aut</span> <span class='ocrx_word' id='word_1_172' title='bbox 281 2313 489 2391; x_wconf 86' lang='lat' dir='ltr'>neglegentius,</span> <span class='ocrx_word' id='word_1_173' title='bbox 504 2331 578 2389; x_wconf 89' lang='lat' dir='ltr'>quae</span> <span class='ocrx_word' id='word_1_174' title='bbox 593 2313 646 2371; x_wconf 88' lang='lat' dir='ltr'>fert</span> <span class='ocrx_word' id='word_1_175' title='bbox 667 2314 724 2371; x_wconf 83' lang='lat' dir='ltr'>vita</span> <span class='ocrx_word' id='word_1_176' title='bbox 744 2313 905 2371; x_wconf 90' lang='lat' dir='ltr'>hominum.</span> <span class='ocrx_word' id='word_1_177' title='bbox 948 2312 1036 2383; x_wconf 89' lang='lat' dir='ltr'>Quid,</span> <span class='ocrx_word' id='word_1_178' title='bbox 1051 2316 1075 2371; x_wconf 91' lang='lat' dir='ltr'>si</span> 
     </span>
     <span class='ocr_line' id='line_1_23' title="bbox 126 2410 1075 2492; baseline -0.002 -19"><span class='ocrx_word' id='word_1_179' title='bbox 126 2414 201 2492; x_wconf 88' lang='lat' dir='ltr'>quid</span> <span class='ocrx_word' id='word_1_180' title='bbox 215 2413 289 2471; x_wconf 86' lang='lat' dir='ltr'>lilius</span> <span class='ocrx_word' id='word_1_181' title='bbox 303 2429 375 2488; x_wconf 90' lang='lat' dir='ltr'>puer</span> <span class='ocrx_word' id='word_1_182' title='bbox 389 2421 419 2470; x_wconf 93' lang='lat' dir='ltr'>et</span> <span class='ocrx_word' id='word_1_183' title='bbox 433 2429 505 2486; x_wconf 89' lang='lat' dir='ltr'>puer</span> <span class='ocrx_word' id='word_1_184' title='bbox 525 2411 601 2468; x_wconf 92' lang='lat' dir='ltr'>bene</span> <span class='ocrx_word' id='word_1_185' title='bbox 616 2411 670 2469; x_wconf 92' lang='lat' dir='ltr'>sibi</span> <span class='ocrx_word' id='word_1_186' title='bbox 682 2410 794 2470; x_wconf 87' lang='lat' dir='ltr'>fidens?</span> <span class='ocrx_word' id='word_1_187' title='bbox 816 2412 865 2487; x_wconf 94' lang='lat' dir='ltr'>qui</span> <span class='ocrx_word' id='word_1_188' title='bbox 880 2421 956 2469; x_wconf 87' lang='lat' dir='ltr'>esset</span> <span class='ocrx_word' id='word_1_189' title='bbox 971 2411 1075 2471; x_wconf 91' lang='lat' dir='ltr'>dolor?</span> 
     </span>
     <span class='ocr_line' id='line_1_24' title="bbox 126 2507 1076 2590; baseline -0.004 -18"><span class='ocrx_word' id='word_1_190' title='bbox 126 2530 220 2590; x_wconf 89' lang='lat' dir='ltr'>quern</span> <span class='ocrx_word' id='word_1_191' title='bbox 247 2520 329 2587; x_wconf 87' lang='lat' dir='ltr'>pater</span> <span class='ocrx_word' id='word_1_192' title='bbox 355 2526 417 2567; x_wconf 91' lang='lat' dir='ltr'>non</span> <span class='ocrx_word' id='word_1_193' title='bbox 445 2507 606 2567; x_wconf 86' lang='lat' dir='ltr'>dimittebat</span> <span class='ocrx_word' id='word_1_194' title='bbox 633 2518 720 2585; x_wconf 91' lang='lat' dir='ltr'>teque</span> <span class='ocrx_word' id='word_1_195' title='bbox 750 2508 781 2567; x_wconf 91' lang='lat' dir='ltr'>id</span> <span class='ocrx_word' id='word_1_196' title='bbox 808 2527 927 2568; x_wconf 89' lang='lat' dir='ltr'>censere</span> <span class='ocrx_word' id='word_1_197' title='bbox 954 2510 1076 2568; x_wconf 89' lang='lat' dir='ltr'>moleste</span> 
     </span>
     <span class='ocr_line' id='line_1_25' title="bbox 128 2604 1074 2684; baseline -0.006 -14"><span class='ocrx_word' id='word_1_198' title='bbox 128 2609 249 2671; x_wconf 88' lang='lat' dir='ltr'>ferebat</span> <span class='ocrx_word' id='word_1_199' title='bbox 291 2605 331 2663; x_wconf 82' lang='lat' dir='ltr'>At</span> <span class='ocrx_word' id='word_1_200' title='bbox 349 2623 427 2663; x_wconf 87' lang='lat' dir='ltr'>nunc</span> <span class='ocrx_word' id='word_1_201' title='bbox 441 2604 567 2675; x_wconf 89' lang='lat' dir='ltr'>Caelius,</span> <span class='ocrx_word' id='word_1_202' title='bbox 582 2623 643 2663; x_wconf 88' lang='lat' dir='ltr'>non</span> <span class='ocrx_word' id='word_1_203' title='bbox 662 2606 728 2665; x_wconf 91' lang='lat' dir='ltr'>dico</span> <span class='ocrx_word' id='word_1_204' title='bbox 743 2607 880 2684; x_wconf 86' lang='lat' dir='ltr'>equidem</span> <span class='ocrx_word' id='word_1_205' title='bbox 894 2605 964 2683; x_wconf 90' lang='lat' dir='ltr'>quid</span> <span class='ocrx_word' id='word_1_206' title='bbox 978 2608 1074 2682; x_wconf 86' lang='lat' dir='ltr'>egerit,</span> 
     </span>
     <span class='ocr_line' id='line_1_26' title="bbox 128 2702 1074 2779; baseline -0.003 -15"><span class='ocrx_word' id='word_1_207' title='bbox 128 2707 184 2769; x_wconf 72' lang='lat' dir='ltr'>ced</span> <span class='ocrx_word' id='word_1_208' title='bbox 197 2716 297 2764; x_wconf 87' lang='lat' dir='ltr'>tamen</span> <span class='ocrx_word' id='word_1_209' title='bbox 311 2703 403 2761; x_wconf 91' lang='lat' dir='ltr'>multo</span> <span class='ocrx_word' id='word_1_210' title='bbox 421 2703 518 2760; x_wconf 91' lang='lat' dir='ltr'>minus</span> <span class='ocrx_word' id='word_1_211' title='bbox 537 2702 646 2762; x_wconf 89' lang='lat' dir='ltr'>laboro.</span> <span class='ocrx_word' id='word_1_212' title='bbox 688 2704 773 2763; x_wconf 90' lang='lat' dir='ltr'>Adde</span> <span class='ocrx_word' id='word_1_213' title='bbox 788 2704 875 2762; x_wconf 91' lang='lat' dir='ltr'>illud:</span> <span class='ocrx_word' id='word_1_214' title='bbox 910 2705 1074 2779; x_wconf 89' lang='lat' dir='ltr'>Pompeius,</span> 
     </span>
     <span class='ocr_line' id='line_1_27' title="bbox 127 2799 1074 2876; baseline -0.005 -13"><span class='ocrx_word' id='word_1_215' title='bbox 127 2820 167 2863; x_wconf 82' lang='lat' dir='ltr'>eo</span> <span class='ocrx_word' id='word_1_216' title='bbox 181 2802 288 2860; x_wconf 89' lang='lat' dir='ltr'>robore</span> <span class='ocrx_word' id='word_1_217' title='bbox 302 2800 351 2870; x_wconf 90' lang='lat' dir='ltr'>vir,</span> <span class='ocrx_word' id='word_1_218' title='bbox 367 2800 401 2857; x_wconf 91' lang='lat' dir='ltr'>iis</span> <span class='ocrx_word' id='word_1_219' title='bbox 414 2800 568 2870; x_wconf 76' lang='lat' dir='ltr'>radicibus</span> <span class='ocrx_word' id='word_1_220' title='bbox 584 2799 624 2871; x_wconf 88' lang='lat' dir='ltr'>Q.</span> <span class='ocrx_word' id='word_1_221' title='bbox 638 2799 773 2859; x_wconf 89' lang='lat' dir='ltr'>Cassium</span> <span class='ocrx_word' id='word_1_222' title='bbox 792 2802 855 2859; x_wconf 90' lang='lat' dir='ltr'>sine</span> <span class='ocrx_word' id='word_1_223' title='bbox 870 2812 946 2860; x_wconf 90' lang='lat' dir='ltr'>sorte</span> <span class='ocrx_word' id='word_1_224' title='bbox 961 2802 1074 2876; x_wconf 84' lang='lat' dir='ltr'>delegit,</span> 
     </span>
     <span class='ocr_line' id='line_1_28' title="bbox 128 2897 1076 2972; baseline -0.004 -11"><span class='ocrx_word' id='word_1_225' title='bbox 128 2898 242 2961; x_wconf 84' lang='lat' dir='ltr'>Caesar</span> <span class='ocrx_word' id='word_1_226' title='bbox 255 2897 434 2968; x_wconf 67' lang='lat' dir='ltr'>Antonium</span> <span class='ocrx_word' id='word_1_227' title='bbox 455 2915 513 2972; x_wconf 87' lang='lat' dir='ltr'>ego</span> <span class='ocrx_word' id='word_1_228' title='bbox 529 2908 605 2956; x_wconf 89' lang='lat' dir='ltr'>sorte</span> <span class='ocrx_word' id='word_1_229' title='bbox 621 2899 720 2956; x_wconf 90' lang='lat' dir='ltr'>datum</span> <span class='ocrx_word' id='word_1_230' title='bbox 739 2899 927 2970; x_wconf 89' lang='lat' dir='ltr'>offenderem,</span> <span class='ocrx_word' id='word_1_231' title='bbox 942 2909 974 2958; x_wconf 94' lang='lat' dir='ltr'>ut</span> <span class='ocrx_word' id='word_1_232' title='bbox 988 2899 1076 2957; x_wconf 90' lang='lat' dir='ltr'>etiam</span> 
     </span>
     <span class='ocr_line' id='line_1_29' title="bbox 128 2994 1076 3073; baseline 0.001 -18"><span class='ocrx_word' id='word_1_233' title='bbox 128 2996 288 3073; x_wconf 88' lang='lat' dir='ltr'>inquireret</span> <span class='ocrx_word' id='word_1_234' title='bbox 315 2994 345 3051; x_wconf 91' lang='lat' dir='ltr'>in</span> <span class='ocrx_word' id='word_1_235' title='bbox 370 3011 445 3064; x_wconf 91' lang='lat' dir='ltr'>eum,</span> <span class='ocrx_word' id='word_1_236' title='bbox 468 3011 557 3071; x_wconf 90' lang='lat' dir='ltr'>quem</span> <span class='ocrx_word' id='word_1_237' title='bbox 585 2995 784 3072; x_wconf 81' lang='lat' dir='ltr'>reliquissem?</span> <span class='ocrx_word' id='word_1_238' title='bbox 820 2996 889 3055; x_wconf 92' lang='lat' dir='ltr'>Hoc</span> <span class='ocrx_word' id='word_1_239' title='bbox 913 2997 1025 3067; x_wconf 89' lang='lat' dir='ltr'>melius,</span> <span class='ocrx_word' id='word_1_240' title='bbox 1048 3009 1076 3056; x_wconf 92' lang='lat' dir='ltr'>et</span> 
     </span>
     <span class='ocr_line' id='line_1_30' title="bbox 127 3092 1077 3170; baseline -0.001 -17"><span class='ocrx_word' id='word_1_241' title='bbox 127 3094 216 3153; x_wconf 85' lang='lat' dir='ltr'>huius</span> <span class='ocrx_word' id='word_1_242' title='bbox 240 3093 281 3151; x_wconf 88' lang='lat' dir='ltr'>rei</span> <span class='ocrx_word' id='word_1_243' title='bbox 302 3092 386 3168; x_wconf 88' lang='lat' dir='ltr'>plura</span> <span class='ocrx_word' id='word_1_244' title='bbox 406 3093 547 3168; x_wconf 84' lang='lat' dir='ltr'>exempla,</span> <span class='ocrx_word' id='word_1_245' title='bbox 569 3094 709 3151; x_wconf 90' lang='lat' dir='ltr'>senectuti</span> <span class='ocrx_word' id='word_1_246' title='bbox 732 3095 850 3170; x_wconf 92' lang='lat' dir='ltr'>quidem</span> <span class='ocrx_word' id='word_1_247' title='bbox 871 3103 988 3152; x_wconf 86' lang='lat' dir='ltr'>nostrae</span> <span class='ocrx_word' id='word_1_248' title='bbox 1009 3113 1077 3169; x_wconf 89' lang='lat' dir='ltr'>pro·</span> 
     </span>
     <span class='ocr_line' id='line_1_31' title="bbox 128 3190 1076 3269; baseline -0.001 -17"><span class='ocrx_word' id='word_1_249' title='bbox 128 3190 209 3253; x_wconf 90' lang='lat' dir='ltr'>fecto</span> <span class='ocrx_word' id='word_1_250' title='bbox 223 3190 326 3266; x_wconf 89' lang='lat' dir='ltr'>aptius.</span> <span class='ocrx_word' id='word_1_251' title='bbox 369 3190 409 3248; x_wconf 85' lang='lat' dir='ltr'>At</span> <span class='ocrx_word' id='word_1_252' title='bbox 427 3198 455 3247; x_wconf 92' lang='lat' dir='ltr'>te</span> <span class='ocrx_word' id='word_1_253' title='bbox 470 3190 549 3266; x_wconf 90' lang='lat' dir='ltr'>apud</span> <span class='ocrx_word' id='word_1_254' title='bbox 564 3209 639 3263; x_wconf 90' lang='lat' dir='ltr'>eum,</span> <span class='ocrx_word' id='word_1_255' title='bbox 656 3193 684 3250; x_wconf 92' lang='lat' dir='ltr'>di</span> <span class='ocrx_word' id='word_1_256' title='bbox 705 3193 792 3250; x_wconf 91' lang='lat' dir='ltr'>bonil</span> <span class='ocrx_word' id='word_1_257' title='bbox 814 3202 922 3267; x_wconf 83' lang='lat' dir='ltr'>quanta</span> <span class='ocrx_word' id='word_1_258' title='bbox 941 3192 1076 3269; x_wconf 86' lang='lat' dir='ltr'>ingratia</span> 
     </span>
     <span class='ocr_line' id='line_1_32' title="bbox 128 3287 1077 3369; baseline 0 -22"><span class='ocrx_word' id='word_1_259' title='bbox 128 3289 226 3369; x_wconf 86' lang='lat' dir='ltr'>posui,</span> <span class='ocrx_word' id='word_1_260' title='bbox 240 3289 326 3365; x_wconf 88' lang='lat' dir='ltr'>eique</span> <span class='ocrx_word' id='word_1_261' title='bbox 339 3287 396 3364; x_wconf 84' lang='lat' dir='ltr'>legi</span> <span class='ocrx_word' id='word_1_262' title='bbox 410 3287 517 3346; x_wconf 88' lang='lat' dir='ltr'>litteras</span> <span class='ocrx_word' id='word_1_263' title='bbox 537 3307 597 3346; x_wconf 91' lang='lat' dir='ltr'>non</span> <span class='ocrx_word' id='word_1_264' title='bbox 619 3300 691 3358; x_wconf 90' lang='lat' dir='ltr'>tuas,</span> <span class='ocrx_word' id='word_1_265' title='bbox 707 3290 759 3348; x_wconf 89' lang='lat' dir='ltr'>sed</span> <span class='ocrx_word' id='word_1_266' title='bbox 779 3290 884 3348; x_wconf 90' lang='lat' dir='ltr'>librarii</span> <span class='ocrx_word' id='word_1_267' title='bbox 903 3290 952 3349; x_wconf 91' lang='lat' dir='ltr'>tui.</span> <span class='ocrx_word' id='word_1_268' title='bbox 995 3291 1077 3348; x_wconf 89' lang='lat' dir='ltr'>Ami-</span> 
     </span>
     <span class='ocr_line' id='line_1_33' title="bbox 127 3386 1078 3465; baseline -0.002 -14"><span class='ocrx_word' id='word_1_269' title='bbox 127 3404 235 3451; x_wconf 86' lang='lat' dir='ltr'>corum</span> <span class='ocrx_word' id='word_1_270' title='bbox 255 3386 366 3447; x_wconf 88' lang='lat' dir='ltr'>litterae</span> <span class='ocrx_word' id='word_1_271' title='bbox 385 3404 432 3445; x_wconf 90' lang='lat' dir='ltr'>me</span> <span class='ocrx_word' id='word_1_272' title='bbox 445 3386 483 3445; x_wconf 93' lang='lat' dir='ltr'>ad</span> <span class='ocrx_word' id='word_1_273' title='bbox 500 3388 680 3465; x_wconf 91' lang='lat' dir='ltr'>triumphum</span> <span class='ocrx_word' id='word_1_274' title='bbox 698 3398 813 3463; x_wconf 86' lang='lat' dir='ltr'>vocant,</span> <span class='ocrx_word' id='word_1_275' title='bbox 828 3406 889 3447; x_wconf 90' lang='lat' dir='ltr'>rem</span> <span class='ocrx_word' id='word_1_276' title='bbox 904 3408 921 3448; x_wconf 87' lang='lat' dir='ltr'>a</span> <span class='ocrx_word' id='word_1_277' title='bbox 937 3389 1030 3461; x_wconf 86' lang='lat' dir='ltr'>nobis,</span> <span class='ocrx_word' id='word_1_278' title='bbox 1045 3400 1078 3449; x_wconf 89' lang='lat' dir='ltr'>ut</span> 
     </span>
    </p>
   </div>
   <div class='ocr_carea' id='block_1_3' title="bbox 0 0 1208 3848">
    <p class='ocr_par' dir='ltr' id='par_1_3' title="bbox 0 0 1208 3848">
     <span class='ocr_line' id='line_1_34' title="bbox 0 0 1208 3848; baseline 0 0"><span class='ocrx_word' id='word_1_279' title='bbox 0 0 1208 3848; x_wconf 95' lang='lat' dir='ltr'> </span> 
     </span>
    </p>
   </div>
  </div>
 </body>
</html>
