2498 3840
149 211 212 279 262
348 262 350 267 ,
429 223 466 273 rr.
494 223 615 271 rotam
635 222 824 270 arcanorum
983 206 1052 291 [ran
1066 221 1095 270 v.

148 374 281 433 evenerit.
326 373 396 439 Res,
419 391 486 431 cum
509 373 582 431 haec
611 371 780 440 scribebam,
803 377 864 428 erat
884 369 914 427 in
934 380 1097 428 extremum

149 472 274 530 adducta
287 471 459 541 discrimen3
483 471 589 528 Brutus
605 470 682 528 enim
698 469 828 527 Mutinae
842 469 889 525 vix
901 469 961 525 iam
976 469 1096 527 sustine·

149 570 215 627 bat:
237 569 285 644 qui
301 569 324 626 si
340 579 526 628 conservatus
547 568 607 638 erit,
623 568 761 637 vicimus;
784 565 951 640 sin—quod
965 565 995 624 di
1009 583 1097 624 omen

150 677 277 725 avertant
288 668 345 735 l-,
358 666 455 723 omnis
477 665 608 724 omnium
631 682 731 724 cursus
747 673 791 722 est
811 663 928 722 advos.
972 662 1098 721 Proinde

150 763 195 820 fac
210 742 340 820 animum
355 772 468 821 tantum
483 763 592 820 habeas
606 771 776 838 tantumque
791 770 972 837 apparatum,
987 771 1098 836 quanto

150 877 226 935 opus
254 871 298 919 est
327 860 364 918 ad
392 861 555 918 universam
582 877 644 918 rem
678 858 825 935 publicam
857 859 1096 933 recuperandam.

147 958 229 1017 Vale.

346 1119 411 1172 135.
454 1114 511 1171 AD
531 1112 783 1171 FAMILIARES
805 1111 842 1171 X.
864 1131 912 1186 30.

184 1226 252 1288 Sca.
275 1246 306 1286 m
327 1245 442 1287 cnsrnrs
463 1246 503 1286 an
524 1226 672 1286 Murmura
692 1246 719 1285 n.
734 1246 761 1287 n.
784 1245 840 1286 xvr.
862 1225 941 1285 Kar..
964 1226 1067 1288 Maras

535 1342 619 1384 auc.
642 1338 710 1400 711.

455 1451 551 1493 GALBA
571 1452 706 1493 CICERONI
726 1452 787 1492 SAL.

192 1547 323 1606 1.A.1>.
349 1567 416 1606 xvrr.
440 1547 505 1606 Kal.
528 1547 631 1616 Maias,
654 1566 713 1624 quo
742 1548 787 1606 die
815 1548 911 1605 Pansa
934 1547 965 1604 in
993 1547 1096 1607 castris

149 1645 235 1703 Hirtii
257 1655 317 1702 erat
338 1645 456 1714 iuturus,
472 1664 539 1703 cum
561 1664 620 1721 quo
643 1664 700 1720 ego
721 1663 910 1703 eram-nam
929 1646 956 1702 ei
977 1646 1095 1704 obviam

148 1761 347 1819 processeram
368 1743 446 1800 milia
461 1761 602 1818 passuum
617 1754 743 1814 centum,
759 1760 817 1820 quo
831 1743 971 1801 maturius
984 1743 1096 1803 veniret

147 1874 197 1911 -,
211 1840 358 1897 Antonius
380 1839 509 1914 legiones
529 1842 628 1900 eduxit
647 1841 729 1910 duas,
744 1841 904 1900 secundam
918 1848 948 1898 et
962 1840 1095 1916 quintam

150 1938 346 1996 tricensimam
370 1947 399 1995 et
424 1938 559 1995 cohortes
587 1938 745 2013 praetorias
774 1939 854 2008 duas,
883 1955 973 1995 unam
1002 1956 1095 2009 suam,

149 2035 269 2093 alteram
292 2033 390 2105 Silani,
412 2040 438 2091 et
456 2045 640 2093 evocatorum
661 2046 795 2111 partem:
820 2037 860 2094 ita
879 2035 996 2094 obviam
1018 2037 1096 2094 veuit

148 2133 243 2203 nobis,
258 2130 338 2207 quod
353 2149 408 2189 nos
429 2140 563 2207 quattuor
581 2132 712 2208 legiones
731 2135 857 2191 tironum
878 2132 985 2191 habere
999 2134 1095 2191 solum

148 2227 344 2286 arbitrabatur.
389 2226 448 2284 Sed
465 2237 561 2297 noctu,
577 2245 637 2302 quo
656 2230 743 2288 tutius
762 2230 859 2287 venire
872 2229 903 2285 in
917 2239 1013 2287 castra
1025 2246 1094 2305 pos·

148 2342 254 2394 semaa,
276 2325 422 2400 legionem
443 2324 588 2395 Martiam,
609 2327 655 2384 cui
676 2345 732 2401 ego
753 2343 889 2402 praeesse
910 2325 1052 2395 solebam,
1065 2336 1095 2383 et

149 2421 221 2478 duas
236 2421 370 2479 cohortes
388 2424 545 2497 praetorias
564 2423 681 2481 miserat
701 2423 814 2482 Hirtius
829 2423 923 2481 nobis.
969 2442 994 2482 a.
1019 2421 1095 2483 Cum

147 2519 260 2593 equites
275 2519 395 2577 Antonii
410 2520 618 2596 apparuissent,
630 2521 771 2580 contineri
786 2539 882 2596 neque
895 2520 973 2597 legio
988 2520 1097 2579 Martia

149 2634 244 2692 neque
266 2616 400 2674 cohortes
422 2618 583 2692 praetoriae
604 2628 778 2693 potuerunt;
800 2636 873 2693 quas
893 2618 976 2694 sequi
997 2619 1096 2694 coepi-

148 2732 215 2772 mus
250 2714 351 2783 coacti,
385 2715 525 2788 quoniam
559 2716 682 2773 retinere
715 2733 765 2773 eas
801 2731 864 2771 non
897 2724 1095 2791 potueramus

148 2809 293 2869 Antonius
321 2810 359 2868 ad
386 2810 496 2868 Forum
522 2810 673 2870 Gallorum
702 2829 770 2870 suas
798 2812 899 2888 copias
927 2811 1097 2871 continebat

148 2927 244 2985 neque
259 2908 324 2967 sciri
339 2907 454 2966 volebat
468 2927 499 2966 se
513 2908 644 2984 legiones
659 2909 784 2982 habere;
807 2920 920 2968 tantum
935 2910 1097 2984 equitatum

149 3016 178 3064 et
204 3007 296 3065 levem
319 3016 494 3063 armaturam
515 3008 695 3065 ostendebat.
736 3007 843 3066 Postea
865 3025 954 3084 quam
976 3006 1047 3066 vidit
1064 3024 1097 3066 se

150 3104 240 3161 invito
261 3103 408 3178 legionem
429 3104 471 3161 ire
492 3101 596 3174 Pansa,
612 3104 695 3180 sequi
717 3122 749 3162 se
771 3105 843 3163 duas
863 3105 996 3180 legiones
1016 3104 1097 3163 iussit

150 3200 286 3258 tironum.
340 3198 444 3257 Postea
473 3216 561 3275 quam
589 3201 737 3275 angustias
764 3200 878 3277 paludis
905 3209 934 3259 et
962 3200 1097 3259 silvarum

151 3296 324 3366 transiimus,
340 3297 416 3355 acies
436 3306 480 3355 est
501 3296 638 3355 instructa
652 3298 769 3356 anobis
783 3316 831 3356 ΧΠ.
846 3296 1029 3369 cohortium3
1068 3315 1096 3371 3.

152 3393 285 3451 nondum
306 3403 444 3452 venerant
472 3393 604 3471 legiones
629 3394 723 3453 duaez
750 3403 869 3472 repente
893 3393 1041 3455 Antonius
1066 3395 1098 3454 in
