2392 3848
70 130 117 193 ap.
134 108 191 201 qn]
294 124 408 177 aaran.
431 125 482 174 An
502 125 667 176 arricum
686 130 720 176 x.
738 112 767 177 8.
954 116 1015 197 169

68 284 184 343 tionem
195 292 259 341 tarn
278 282 337 342 cito
357 283 491 355 amiserit,
506 283 737 342 mansuetudinis
756 282 786 341 in
801 281 929 354 Metello,
945 283 1016 342 divi·

68 382 175 439 tiarum
202 382 233 439 in
260 381 378 439 aerario.
420 381 492 452 lam,
522 383 628 457 quibus
657 392 752 440 utatur
779 383 823 439 vel
856 383 943 441 sociis
971 382 1016 440 vel

67 479 219 549 ministris
246 479 271 536 si
297 479 317 536 ii
345 480 516 554 provincias,
543 480 566 536 si
594 481 613 537 ii
640 498 702 536 rem
730 480 876 555 publicam
903 488 1014 556 regent,

67 593 197 653 quorum
225 594 314 634 nemo
342 577 400 635 duo
428 594 545 634 menses
572 578 666 652 potuit
694 579 901 653 patrimonium
929 596 1015 636 suurn

66 675 254 751 gubernare?
297 686 323 747 7.
346 674 417 732 Non
432 685 499 733 sunt
513 675 613 732 omnia
627 675 798 750 colligenda,
813 694 888 752 quae
902 685 933 733 tu
948 694 1015 733 acu-

66 774 182 831 tissime
202 773 351 849 perspicis,
374 772 425 829 sed
446 784 543 830 tamen
566 791 601 830 ea
621 790 700 848 pone
725 783 791 830 ante
814 773 934 830 oculos:
956 774 1015 831 iam

66 869 221 945 intelleges
238 869 269 927 id
287 888 410 946 regnum
429 871 475 927 vix
495 881 633 928 semestre
654 889 718 928 esse
739 888 835 946 posse.
878 869 969 941 Quod
990 871 1014 927 si

65 986 115 1027 me
135 967 274 1039 fefellerit,
296 967 395 1039 feram,
411 968 485 1026 sicut
504 968 586 1026 multi
608 967 757 1026 clarissimi
779 968 913 1026 homines
932 968 963 1025 in
982 986 1013 1025 re

65 1065 187 1143 publica
215 1065 390 1123 excellentes
417 1065 551 1136 tulerunt,
574 1066 630 1123 nisi
654 1065 729 1125 forte
753 1084 802 1123 me
825 1060 1014 1141 Sardanapali

66 1164 163 1221 vicem
177 1158 221 1242 [in
235 1180 290 1221 suo
309 1159 426 1242 lectulo]
443 1164 516 1219 mori
534 1163 620 1221 malle
639 1164 785 1221 censueris
804 1181 892 1239 quam
912 1163 1013 1221 exsilio

67 1258 298 1330 Themistoclen,
313 1260 363 1336 qui
378 1279 445 1319 cum
459 1259 568 1331 fuisset,
583 1269 614 1317 ut
635 1261 673 1318 ait
688 1261 886 1336 Thucydides,
899 1269 951 1318 τῶν
968 1263 1015 1334 μὲν

65 1362 203 1430 παρόντων
221 1360 252 1414 δι’
274 1361 416 1430 ἐλαχίστης
434 1363 532 1428 βουλῆς
552 1361 687 1432 κράτιστος
706 1363 818 1430 γνώμων,
834 1366 884 1414 τῶν
904 1361 932 1414 δὲ
952 1364 1015 1430 μελ-

65 1458 171 1511 λόντων
190 1457 218 1513 e'r
236 1459 362 1513 πλεῖστον
382 1460 428 1510 τοῦ
447 1455 619 1528 γενησομένου
640 1457 747 1530 ἄριστος
766 1456 893 1527 εἰκαστής,
915 1465 1012 1513 lamen

66 1552 171 1611 incidit
185 1552 217 1611 in
233 1570 285 1612 eos
304 1571 397 1623 casus
413 1571 487 1629 quos
501 1554 625 1623 vitasset,
640 1555 663 1611 si
681 1572 749 1611 eum
768 1553 838 1610 nihil
859 1554 1012 1611 fefellisset.

66 1648 132 1709 Elssl
151 1650 177 1709 lS
195 1660 265 1721 erat,
279 1660 310 1708 ut
329 1652 368 1708 ait
384 1652 470 1720 idem,
486 1652 536 1726 qul
555 1655 585 1707 τὸ
603 1653 705 1721 ἄμεινον
723 1655 763 1707 καὶ
781 1655 811 1706 τὸ
827 1657 915 1723 χεῖρον
937 1654 963 1706 ἐν
976 1659 1013 1727 τῷ

66 1750 166 1823 &dard
184 1751 223 1805 ἔτι
240 1752 307 1822 ἑώρα
324 1753 446 1818 μαλιστα,
465 1760 563 1807 tamen
585 1767 646 1806 non
664 1749 742 1819 vidit,
764 1768 819 1806 nec
839 1767 899 1825 quo
921 1749 1011 1806 modo

66 1844 371 1905 Lacedaemoniorum
396 1864 452 1904 nec
474 1865 532 1922 quo
556 1848 646 1904 modo
669 1865 787 1904 suorum
813 1847 917 1904 civium
941 1847 1012 1903 invi-

67 1944 149 2029 diam
176 1944 317 2019 effugeret
348 1962 403 2002 nec
432 1944 501 2020 quid
528 1943 680 2002 Artaxerxi
708 1945 896 2021 polliceretur.
941 1943 1011 2002 Non

65 2040 170 2101 fuisset
190 2041 239 2099 illa
259 2059 320 2101 nox
341 2052 402 2099 tam
423 2043 528 2100 acerba
546 2042 694 2113 Africano,
713 2043 926 2118 sapientissimo
940 2043 1011 2112 viro,

65 2157 129 2198 non
157 2151 218 2198 tam
247 2139 325 2197 dirus
352 2139 399 2197 ille
429 2138 490 2197 dies
520 2139 653 2197 Sullanus
682 2140 867 2198 callidissimo
890 2142 951 2197 viro
977 2140 1010 2199 C.

65 2236 174 2307 Mario,
194 2237 218 2295 si
239 2236 310 2294 nihil
330 2246 485 2312 utrumque
507 2255 609 2295 eorum
631 2238 783 2296 fefellisset.
826 2237 891 2295 Nos
913 2248 1012 2296 tamen

65 2334 125 2393 hoc
138 2333 347 2393 confirmamus
362 2334 411 2392 illo
429 2335 559 2408 augurio,
574 2353 634 2410 quo
653 2335 787 2405 diximus,
803 2354 858 2393 nec
873 2354 928 2394 nos
942 2335 1012 2394 fallit

66 2450 122 2491 nec
144 2430 226 2489 aliter
246 2432 375 2489 accidet:
409 2434 436 2489 8.
466 2442 582 2490 corruat
602 2434 655 2490 iste
679 2451 798 2492 necesse
821 2443 865 2490 est
889 2445 938 2491 aut
961 2452 1012 2508 per

66 2529 249 2588 adversarios
266 2539 314 2586 aut
329 2531 391 2604 ipse
410 2548 462 2605 per
483 2548 523 2600 se,
538 2530 587 2605 qui
602 2531 720 2606 quidem
742 2531 797 2588 sibi
815 2540 858 2588 est
878 2532 1011 2588 adversa-

64 2627 125 2687 rius
141 2644 218 2685 unus
235 2628 412 2701 acerrimus3
438 2628 467 2686 id
487 2647 572 2703 spero
592 2629 661 2686 vivis
682 2630 767 2687 nobis
786 2628 857 2687 fore.
899 2629 1011 2700 Quam·

65 2742 157 2803 quam
175 2733 292 2800 tempus
310 2733 354 2783 est
374 2743 430 2783 nos
449 2725 485 2783 de
503 2726 551 2783 illa
571 2738 710 2802 perpetua
731 2727 797 2796 iam,
815 2745 876 2784 non
896 2726 933 2784 de
954 2727 1010 2783 hac

64 2824 172 2899 exigua
190 2822 249 2879 vita
269 2824 404 2896 cogitare.
447 2823 497 2881 Sin
520 2824 590 2901 quid
612 2825 747 2882 acciderit
768 2825 917 2894 maturius,
932 2824 1009 2881 haud

65 2936 137 2979 sane
156 2937 225 2977 mea
245 2920 367 2977 multum
390 2920 556 2992 interfuerit,
578 2931 673 2979 utrum
696 2922 805 2980 factum
826 2923 948 2992 videam,
970 2941 1007 2979 an

65 3016 194 3075 futurum
209 3035 272 3074 esse
287 3018 377 3076 multo
392 3029 459 3076 ante
470 3019 596 3077 viderim.
637 3020 721 3091 Quae
736 3038 802 3077 cum
817 3022 856 3078 ita
871 3020 935 3089 sint,
946 3038 1008 3078 non

66 3124 111 3173 est
129 3115 381 3185 committendum,
395 3125 427 3174 ut
445 3117 479 3173 iis
496 3135 623 3192 paream,
639 3135 712 3193 quos
734 3127 835 3174 contra
856 3136 903 3175 me
923 3137 1007 3176 sena-

66 3222 122 3280 tus,
138 3229 176 3268 ne
191 3210 261 3287 quid
275 3230 321 3270 res
335 3213 450 3288 publica
466 3214 627 3272 detrimenti
643 3216 793 3289 acciperet,
808 3216 935 3274 armavit.
979 3235 1005 3290 9.

68 3307 136 3367 Tibi
164 3317 233 3367 sunt
262 3311 363 3369 omnia
396 3311 608 3383 commendata,
637 3329 712 3387 quae
745 3314 1007 3373 commendationis
