2392 3848
63 228 107 291 rs
125 239 180 288 ψ,
193 208 262 298 na]
286 222 397 272 urrsr.
413 221 462 270 nn
475 220 699 270 rnnrrrrnm
712 221 744 271 r.
764 224 812 292 13.
944 221 1003 288 271

63 377 165 454 Itaque
180 375 324 434 continuis
338 374 487 432 itineribus
501 372 539 432 ad
553 373 661 431 Fomm
672 372 799 430 Voconii
814 371 879 428 veni
894 380 921 428 et
934 372 1008 432 ultra

62 484 156 533 castra
176 474 214 532 ad
228 472 337 530 flumen
351 474 531 547 Argenteum
552 481 654 528 contra
667 469 851 527 Antonianos
868 467 931 526 leci.
974 469 1007 528 P.

62 569 216 630 Ventidius
232 587 299 628 suas
313 570 444 644 legiones
459 580 516 627 tres
530 568 681 626 coniunxit
695 585 762 625 cum
779 584 816 623 eo
831 576 859 623 et
872 565 946 623 ultra
960 586 1009 627 me

62 679 156 728 castra
169 668 282 744 posuit;
304 667 429 724 habebat
444 677 528 724 antea
542 665 688 741 legionem
702 666 833 740 quintam
853 675 931 721 etex
945 665 1008 722 reli·

63 767 128 842 quis
152 765 315 840 legionibus
339 782 477 840 magnam
499 763 721 833 multitudinem,
745 761 796 820 sed
821 762 1007 821 inermorum.

63 864 232 941 Equitatum
247 863 333 922 habet
347 881 507 938 magnum:
528 880 597 920 nam
611 862 707 919 omnis
722 879 757 919 ex
768 860 883 936 proelio
898 861 1011 935 integer

63 961 203 1030 discessit,
218 961 257 1017 ita
271 972 303 1017 ut
323 960 379 1018 sint
398 959 521 1036 amplius
542 960 671 1036 equitum
691 959 769 1016 milia
783 959 919 1034 quinque.
961 957 1009 1016 Ad
1059 1018 1062 1022 Δ

63 1076 112 1118 me
133 1058 297 1133 complures
317 1057 421 1116 milites
441 1067 470 1115 et
491 1058 601 1132 equites
622 1059 659 1114 ab
680 1074 717 1115 eo
739 1057 910 1113 transierunt
930 1055 1009 1114 etin

64 1157 127 1216 dies
142 1156 272 1232 singulos
286 1156 347 1212 eius
362 1156 465 1231 copiae
479 1157 664 1226 minuuntur;
687 1153 801 1212 Silanus
815 1164 845 1212 et
856 1152 957 1211 Culleo
972 1155 1010 1211 ab

65 1272 101 1312 eo
116 1254 317 1312 discesserunt.
362 1272 388 1310 2.
410 1252 474 1310 Nos
494 1252 546 1310 etsi
561 1253 685 1327 graviter
703 1253 741 1309 ab
755 1252 788 1309 iis
802 1251 871 1308 laesi
886 1269 1009 1323 eramuS,

65 1350 146 1427 quod
173 1359 275 1408 contra
302 1361 432 1408 nostram
455 1349 632 1408 voluntatem
660 1348 698 1407 ad
722 1349 885 1407 Antonium
909 1350 1010 1422 ierant,

65 1461 163 1508 tamen
184 1459 299 1506 nostrae
313 1448 499 1506 humanitatis
520 1460 548 1506 et
561 1447 782 1505 necessitudinis
800 1464 888 1504 causa
907 1465 1009 1504 eorum

65 1545 163 1603 salutis
184 1543 327 1604 rationem
341 1546 495 1603 habuimus
506 1564 514 1618 3
536 1563 590 1603 nec
605 1555 703 1602 tamen
724 1563 825 1603 comm
846 1562 935 1620 opera
954 1545 1009 1602 uti-

65 1662 130 1702 mur
144 1662 240 1718 neque
253 1643 282 1701 in
296 1645 396 1702 castris
410 1645 551 1702 habemus
565 1661 661 1718 neque
675 1642 724 1700 ulli
737 1643 856 1717 negotio
870 1641 1009 1717 praefeci·

65 1759 139 1799 mus.
181 1740 272 1815 Quod
294 1741 331 1798 ad
352 1740 458 1799 bellurn
480 1741 536 1799 hoc
557 1741 667 1812 attinet,
683 1758 738 1798 nec
760 1740 870 1798 senatui
892 1741 1009 1798 neerei

65 1838 198 1915 publicae
226 1839 380 1896 deerimus.
422 1837 506 1909 Quae
533 1848 638 1914 postea
665 1838 820 1914 egerimus,
847 1837 952 1895 faciam
981 1848 1010 1896 te

65 1935 225 1994 certiorem.

258 2094 324 2148 142.
366 2089 424 2148 AD
445 2089 697 2148 FAMILIARES
720 2090 757 2149 X.
782 2110 828 2167 13.

235 2203 300 2264 Son.
323 2204 431 2264 Rourrr
452 2223 545 2264 urrisu
566 2205 650 2265 Maro
671 2225 754 2266 nuc.
777 2220 844 2280 711.

424 2329 526 2370 crcuno
547 2329 667 2370 remeo.

111 2443 136 2482 1.
158 2423 208 2482 Ur
228 2423 353 2499 primum
378 2433 507 2498 potestas
530 2425 597 2483 data
621 2435 665 2483 est
690 2425 839 2500 augendae
865 2425 1012 2502 dignitatis

67 2533 142 2591 tuae,
157 2521 226 2579 nihil
240 2522 417 2596 praetermisi
435 2523 465 2578 in
484 2531 512 2579 te
533 2522 675 2591 ornando,
690 2523 770 2597 quod
785 2524 913 2598 positum
935 2533 1012 2582 esset

67 2631 117 2679 aut
137 2623 167 2679 in
190 2619 319 2694 praemio
344 2619 453 2676 virtutis
475 2628 524 2677 aut
548 2619 578 2676 in
598 2619 711 2677 honore
732 2622 901 2678 verborum:
923 2622 953 2678 id
974 2640 1012 2680 ex

67 2718 134 2793 ipso
159 2727 275 2773 senatus
300 2717 435 2774 consulto
456 2717 565 2791 poteris
587 2734 785 2790 cognoscere;
806 2719 845 2774 ita
859 2713 946 2775 ‘enim
968 2732 1012 2778 est

67 2815 267 2891 perscriptum,
283 2824 314 2870 ut
329 2832 346 2870 a
361 2832 408 2870 me
424 2814 460 2871 de
479 2814 585 2889 scripto
600 2815 677 2871 dicta
696 2816 838 2872 sententia
856 2827 908 2885 est,
924 2835 1012 2891 quam

68 2922 186 2971 senatus
207 2910 344 2986 frequens
373 2922 487 2969 secutus
515 2921 559 2968 est
584 2928 700 2969 summo
725 2912 821 2970 studio
845 2931 1012 2990 magnoque

68 3026 224 3068 consensu.
268 3027 294 3065 2.
315 3007 382 3082 Ego
400 3026 578 3083 quamquam
599 3027 635 3066 ex
654 3009 711 3067 tuis
728 3009 835 3080 litteris,
851 3029 923 3086 quas
941 3011 1012 3069 mihi

68 3106 180 3177 misisti,
195 3124 398 3182 perspexeram
413 3115 441 3164 te
462 3107 555 3182 magis
569 3107 675 3165 iudicio
695 3108 841 3166 bonorum
859 3128 947 3184 quam
968 3111 1013 3167 in·

69 3204 199 3279 signibus
227 3204 335 3279 gloriae
364 3202 509 3274 delectari,
534 3213 631 3262 tamen
660 3205 902 3265 considerandum
927 3208 1012 3267 nobis

69 3301 238 3372 existimavi,
253 3303 365 3360 etiamsi
386 3313 416 3359 tu
437 3301 507 3360 nihil
524 3303 694 3378 postulares,
709 3316 849 3379 quantum
870 3306 921 3363 tibi
942 3325 960 3364 a
981 3325 1012 3365 re

68 3399 186 3478 publica
208 3399 367 3458 deberetur.
409 3399 457 3458 Tu
481 3411 619 3461 contexes
643 3412 773 3461 extrema
800 3422 867 3462 cum
892 3405 1009 3480 primis:
