2498 3840
153 204 212 273 rra
420 212 458 264 rr.
484 213 603 262 runnu
624 215 811 264 cronnorrrs
978 200 1047 293 [nm
1062 216 1093 266 1r.

153 366 205 428 luit
240 361 441 426 scribendum:
463 364 520 422 scis
552 364 680 440 Appium
713 383 867 424 censorem
900 363 948 424 hic
980 377 1094 426 ostenta

152 465 266 526 lucore?
288 464 323 522 de
339 462 429 538 signis
444 471 473 520 et
489 462 601 532 tabulis,
618 463 654 521 de
669 464 731 538 agri
751 464 852 534 mod0‚
868 463 905 522 de
919 482 985 522 aere
1001 465 1094 523 alieno

150 560 288 621 acerrime
310 560 414 635 agere?
442 577 614 635 persuasum
640 569 684 617 est
705 560 732 618 ei
755 578 908 619 censuram
931 562 1095 621 lomentum

151 672 199 720 nul
222 660 327 718 nitrum
350 675 433 717 esse:
455 676 548 716 errare
569 657 640 715 mihi
661 658 788 730 videtur;
817 677 887 716 narn
907 659 971 717 dum
993 660 1095 719 sordes

151 758 245 819 clrrcro
269 756 336 826 volt,
357 773 446 814 venas
470 756 525 813 sibi
547 773 651 814 omnes
672 764 701 813 et
722 756 832 814 viscera
852 757 952 831 aperit.
995 757 1094 824 Curre.

151 874 200 933 por
222 855 292 914 deos
314 864 401 929 atque
421 852 575 911 hominesl
600 862 629 910 et
652 871 741 929 quam
764 853 889 928 primum
910 853 983 913 haec
1005 855 1095 914 risum

150 953 222 1022 reni,
245 953 318 1027 legis
344 950 508 1009 Scantiniae
528 950 666 1008 iudicium
687 950 766 1026 apud
786 950 915 1009 Drusum
940 951 1011 1022 fieri,
1032 952 1095 1028 Ap·

149 1049 228 1127 pium
253 1048 290 1107 de
313 1048 416 1107 tabulis
444 1056 473 1106 et
501 1049 591 1124 signis
614 1066 717 1124 agere;
746 1047 832 1106 crede
856 1048 934 1118 mihi,
960 1057 1005 1108 est
1027 1067 1095 1125 pro·

149 1146 319 1225 perandum.
372 1143 462 1204 Curio
484 1155 583 1203 noster
605 1146 751 1222 sapienter
769 1144 807 1214 id,
827 1146 907 1220 quod
929 1148 1039 1206 remisit
1058 1148 1095 1207 de

149 1244 294 1320 stipendio
322 1243 464 1318 Pompeii,
494 1242 596 1301 fecisse
625 1243 811 1301 existimatur.
862 1242 911 1301 Ad
938 1261 1094 1314 summam,

149 1343 270 1420 (procris,
302 1342 372 1418 quid
405 1352 505 1417 putem
530 1341 674 1399 futurum:
707 1341 730 1399 si
761 1340 894 1398 alteruter
924 1360 1028 1400 eorum
1057 1344 1096 1403 ad

151 1440 314 1500 Parthicum
335 1440 442 1498 bellum
456 1457 517 1497 non
532 1448 586 1509 eat,
602 1438 686 1496 video
706 1455 828 1513 magnas
847 1438 1017 1513 impendere
1037 1440 1095 1499 dis·

148 1537 269 1607 cordiae,
282 1555 355 1612 quas
366 1536 472 1594 ferrum
485 1547 512 1595 et
524 1537 565 1594 vis
576 1536 760 1594 driudicabit:
780 1543 901 1612 uterque
914 1544 943 1594 et
953 1538 1055 1595 animo
1067 1549 1097 1597 et

149 1634 241 1710 copiis
255 1644 299 1692 est
313 1644 438 1710 paratus.
481 1633 511 1692 Si
526 1634 587 1691 sine
601 1644 652 1691 tuo
666 1632 794 1711 periculo
809 1632 869 1690 fieri
888 1644 997 1709 posset,
1011 1654 1096 1712 mag·

150 1750 220 1791 num
234 1741 262 1790 et
276 1731 435 1790 iucundum
450 1731 500 1790 tibi
514 1731 643 1790 Fortuna
657 1729 854 1806 spectaculum
868 1732 999 1807 parabat.

379 1890 427 1947 42.
469 1885 528 1945 AD
549 1884 744 1944 ATTICUM
765 1884 818 1943 VI.
836 1885 863 1946 6.

235 1999 301 2061 Sca.
325 1999 415 2060 Smnn
435 2019 563 2060 urrunnu
583 2019 677 2060 unusn
698 1999 818 2058 Snxrnr
837 2017 921 2061 nuc.
944 2012 1013 2077 704.

467 2125 569 2167 cronno
590 2125 696 2167 arrrco
717 2125 778 2166 sm.

193 2240 216 2279 1.
239 2219 312 2290 Eoo,
326 2221 396 2279 dum
411 2220 441 2278 in
455 2221 602 2297 provincia
615 2221 751 2279 omnibus
765 2220 851 2278 rebus
866 2219 997 2297 Appium
1011 2241 1097 2296 orno,

150 2319 244 2378 subito
267 2337 331 2376 sum
353 2319 445 2377 sactus
466 2318 642 2376 accusatoris
666 2319 727 2375 eius
749 2335 840 2375 socer.
883 2317 936 2375 ‘Id
957 2318 1096 2394 quidem'

149 2417 244 2492 inquis
261 2416 308 2475 ‘di
330 2414 521 2492 adprobentl’
547 2415 592 2475 Ita
613 2415 706 2485 velim,
722 2425 807 2490 teque
828 2415 868 2473 ita
888 2432 995 2490 cupere
1016 2428 1097 2478 certo

150 2515 228 2586 scio;
258 2514 310 2572 sed
331 2513 416 2572 crede
436 2513 515 2584 mihi,
538 2513 607 2571 nihil
628 2513 724 2571 minus
745 2523 878 2588 putaram
899 2530 965 2587 ego,
987 2514 1038 2589 qui
1059 2515 1097 2575 de

150 2611 196 2670 Ti.
213 2610 341 2683 Nerone,
363 2613 413 2687 qui
434 2630 550 2669 mecum
572 2620 679 2686 egerat,
701 2621 796 2669 certos
816 2610 951 2668 homines
972 2611 1010 2668 ad
1031 2630 1097 2670 mu·

148 2710 230 2767 lieres
251 2710 397 2779 miseram,
420 2709 469 2784 qui
488 2707 618 2766 Romam
639 2719 779 2766 venerunt
800 2707 882 2766 factis
901 2709 1095 2783 sponsalibus.

149 2807 207 2866 Sed
229 2806 285 2865 hoc
308 2824 395 2882 spero
416 2806 535 2877 melius;
558 2805 693 2863 mulieres
715 2804 834 2880 quidem
855 2804 937 2862 valde
958 2806 1096 2882 intellego

149 2905 284 2964 delectari
307 2905 450 2980 obsequio
476 2914 504 2962 et
526 2904 661 2962 comitate
683 2902 896 2961 adulescentis:
918 2912 1015 2962 cetera
1035 2906 1097 2965 noli

149 3003 323 3074 ε’ξακανθίζειν.
367 3022 393 3061 2.
416 3001 474 3060 Sed
502 3001 573 3060 heus
602 3011 642 3071 tu,
663 3002 760 3074 nopotis
786 3002 822 3058 εἷς
845 3002 925 3072 δῆμον
952 2999 1096 3062 Athenis?

148 3100 243 3178 placet
264 3100 321 3159 hoc
343 3100 413 3158 tibi?
449 3099 503 3158 etsi
524 3117 585 3157 non
606 3098 802 3173 impediebant
823 3098 881 3155 mei
909 3107 986 3156 certe
1015 3099 1095 3172 libri;

148 3199 302 3257 nonenim
322 3199 376 3256 ista
394 3197 507 3273 largitio
529 3196 581 3254 luit
601 3196 632 3253 in
654 3197 737 3267 cives,
754 3195 805 3254 sed
825 3196 855 3252 in
869 3194 999 3271 hospites
1014 3197 1096 3256 liber·

149 3296 239 3354 alitas.
282 3295 333 3352 Me
351 3305 450 3352 tamen
468 3294 505 3352 de
526 3293 703 3352 Academiae
717 3293 842 3369 προπύλῳ
856 3293 939 3351 iubes
959 3293 1095 3368 cogitare,

149 3410 217 3451 curn
231 3392 288 3450 iam
304 3393 418 3469 Appius
433 3392 469 3451 de
489 3391 626 3450 Eleusine
645 3409 707 3449 non
726 3390 854 3466 cogitet?
874 3389 921 3449 De
936 3389 1097 3452 Hortensio
