2392 3848
128 189 252 274 spon]
311 203 422 255 uersa.
446 203 495 251 an
516 202 741 253 canturanae
761 203 805 251 xz.
837 208 884 254 10.
1005 189 1068 272 265

124 352 265 427 temporis
284 352 433 411 videantur
455 353 513 413 dici
532 371 628 423 causa,
647 353 733 412 malle
753 372 802 411 me
826 364 908 411 tuum
928 350 1068 411 iudicium

77 441 79 447 ’
125 467 214 524 quam
234 466 271 507 ex
291 449 380 508 altera
399 459 481 526 parte
502 451 634 509 omnium
652 453 790 509 istorum:
812 462 842 508 tu
862 451 941 508 enim
955 468 973 508 a
987 458 1067 509 certo

125 565 214 606 sensu
240 558 269 606 et
293 566 360 606 vero
385 548 495 607 iudicas
520 549 557 606 de
580 549 682 619 nobis3
715 549 795 623 quod
819 548 865 607 isti
890 567 928 607 ne
952 547 1068 619 faciant,

124 663 240 703 summa
258 646 458 704 malevolentia
478 656 506 703 et
527 647 614 704 livore
637 645 839 721 impediuntur.
881 645 1067 721 Interpellent

123 760 180 812 me,
196 760 255 819 quo
276 744 373 801 minus
394 743 553 802 honoratus
574 744 637 815 sim,
653 744 723 801 dum
743 761 780 801 ne
801 744 991 819 interpellent,
1006 760 1067 818 quo

123 839 220 897 minus
244 841 427 916 respublica
451 859 469 898 a
491 859 539 898 me
563 839 718 898 commode
740 840 932 900 administrari
956 841 1065 916 possit3

124 955 200 1012 quae
227 948 337 1013 quanto
366 939 402 996 sit
426 939 456 996 in
484 938 621 1014 periculo,
650 956 739 1014 quam
768 949 870 1012 potero
897 939 1066 997 brevissime

123 1052 281 1110 exponam.
325 1054 351 1095 a.
373 1034 501 1093 Primum
516 1037 657 1105 omnium,
667 1047 805 1112 quantam
820 1037 1067 1112 perturbationem

124 1150 220 1191 rerum
242 1135 417 1192 urbanarum
440 1133 550 1192 adferat
574 1135 669 1192 obitus
693 1135 845 1192 consulum
868 1144 1067 1210 quantamque

124 1229 311 1306 cupiditatem
324 1231 490 1290 hominibus
504 1232 609 1290 iniiciat
624 1233 759 1302 vacuitas,
768 1251 828 1290 non
841 1242 870 1291 te
884 1232 974 1307 sugit:
997 1232 1066 1290 satis

123 1345 172 1385 me
200 1329 290 1387 multa
318 1330 475 1404 scripsisse,
499 1348 573 1405 quae
595 1330 694 1388 litteris
716 1330 915 1388 commendari
943 1330 1065 1407 possint,
1099 1388 1106 1402 ,

125 1420 263 1493 arbitror;
285 1421 346 1480 scio
367 1423 455 1494 enim,
477 1424 522 1481 cui
544 1424 675 1481 scribam.
720 1443 747 1497 3.
770 1424 910 1482 Revertor
930 1442 1008 1482 nunc
1029 1421 1068 1481 ad

124 1518 294 1591 Antonium,
316 1522 365 1596 qui
390 1540 426 1578 ex
449 1521 519 1596 fuga
540 1540 607 1580 cum
628 1522 775 1598 parvulam
796 1540 916 1581 manum
937 1522 1066 1598 peditum

124 1615 244 1674 haberet
269 1617 430 1687 inermium,
459 1619 603 1694 ergastula
631 1619 770 1677 solvendo
798 1637 944 1694 omneque
972 1635 1066 1693 genus

123 1709 276 1769 hominum
305 1712 473 1787 adripiendo
502 1714 571 1772 satis
604 1731 745 1788 magnum
773 1731 927 1771 numerum
954 1712 1066 1770 videtur

123 1806 270 1879 effecisse3
292 1808 349 1868 hue
366 1811 486 1868 accessit
505 1828 609 1869 manus
623 1811 759 1882 Ventidii,
774 1830 849 1887 quae
869 1822 948 1870 trans
968 1813 1066 1886 Apen-

122 1904 226 1963 ninum
239 1907 338 1966 itinere
352 1907 429 1965 facto
443 1908 607 1966 difficillimo
622 1908 659 1966 ad
673 1907 759 1966 Vada
777 1910 905 1986 pervenit
924 1919 1011 1984 atque
1025 1908 1066 1965 ibi

123 2021 156 2061 se
177 2021 246 2061 cum
272 2004 403 2063 Antonio
428 2006 583 2064 coniunxit.
626 2005 680 2064 Est
704 2024 840 2066 numerus
863 2017 1065 2065 veteranorum

123 2112 152 2158 et
169 2110 345 2160 armatorum
366 2103 434 2160 satis
455 2103 591 2179 frequens
612 2121 680 2161 cum
694 2101 841 2163 Ventidio.
885 2123 913 2176 4.
935 2103 1065 2162 Consilia

122 2199 244 2258 Antonii
268 2200 340 2258 baec
361 2201 418 2258 sint
445 2219 566 2259 necesse
590 2212 649 2260 est:
683 2213 731 2259 aut
754 2201 792 2259 ad
814 2201 958 2277 Lepidum
980 2212 1012 2259 ut
1032 2220 1065 2262 se

122 2295 261 2366 conferat,
274 2297 297 2354 si
311 2297 461 2373 recipitur;
484 2309 532 2356 aut
543 2300 720 2374 Appennino
733 2300 912 2375 Alpibusque
925 2317 956 2357 se
968 2306 1066 2358 teneat

122 2404 153 2455 et
166 2395 384 2453 decursionibus
398 2413 451 2470 per
470 2396 589 2471 equites,
605 2414 679 2471 quos
693 2397 780 2453 habet
794 2397 910 2467 multos,
925 2407 1015 2455 vastet
1030 2416 1065 2456 ea

122 2492 196 2562 loca,
210 2492 240 2549 in
255 2510 329 2568 quae
344 2493 492 2550 incurrerit
506 2513 513 2550 :
536 2502 585 2551 aut
598 2512 696 2552 rursus
706 2513 736 2552 se
750 2495 780 2551 in
794 2493 939 2553 Etruriam
952 2495 1064 2567 referat,

123 2590 204 2666 quod
232 2608 266 2647 ea
294 2608 361 2664 pars
388 2590 488 2649 Italiae
516 2591 577 2650 sine
605 2592 731 2650 exercitu
753 2604 806 2651 est.
849 2592 940 2664 Quod
966 2596 989 2653 si
1018 2611 1067 2652 me

123 2687 232 2746 Caesar
253 2687 379 2745 audisset
401 2699 485 2763 atque
509 2690 718 2764 Appenninum
740 2692 895 2761 transisset,
919 2692 949 2748 in
970 2701 1066 2749 tantas

122 2786 271 2860 angustias
285 2784 446 2843 Antonium
466 2778 680 2863 compulissem,
691 2799 722 2844 ut
742 2788 840 2863 inopia
861 2790 957 2864 potius
977 2807 1066 2864 quam

123 2885 199 2943 ferro
218 2884 414 2941 conficeretur.
457 2883 516 2942 Sed
544 2902 639 2960 neque
662 2884 778 2943 Caesari
807 2886 941 2961 imperari
969 2896 1066 2962 potest

123 3001 179 3042 nec
193 2982 301 3041 Caesar
316 2983 451 3041 exercitui
472 3001 544 3052 suo;
567 2983 644 3058 quod
664 2992 818 3059 utrumque
836 2985 997 3059 pessimum
1012 2996 1063 3043 est.

124 3080 200 3140 Cum
221 3079 293 3137 haec
311 3080 378 3137 talia
396 3080 461 3151 sint,
476 3098 535 3156 quo
556 3080 661 3149 minus,
676 3081 756 3156 quod
778 3080 815 3138 ad
835 3099 883 3138 me
903 3082 1066 3157 pertinebit,

122 3179 256 3238 homines
270 3177 460 3251 interpellent,
474 3188 506 3235 ut
521 3195 608 3252 supra
622 3179 731 3254 scripsi,
747 3196 808 3236 non
823 3179 971 3254 impedi03
994 3180 1067 3240 haec

123 3294 210 3352 quem
225 3275 262 3332 ad
283 3274 404 3332 modum
423 3274 557 3349 explicari
576 3275 689 3350 possint
709 3287 765 3345 aut,
781 3294 798 3334 a
812 3285 840 3334 te
855 3294 922 3335 cum
941 3277 1067 3352 explica-

123 3372 237 3442 buntur,
252 3389 290 3430 ne
311 3372 504 3447 impediantur
524 3373 622 3431 timeo.
665 3385 692 3446 5.
714 3373 800 3433 Alere
815 3375 873 3432 iam
887 3375 992 3433 milites
1006 3390 1068 3434 non
