<?xml version="1.0" encoding="UTF-8"?>
<!DOCTYPE html PUBLIC "-//W3C//DTD XHTML 1.0 Transitional//EN"
    "http://www.w3.org/TR/xhtml1/DTD/xhtml1-transitional.dtd">
<html xmlns="http://www.w3.org/1999/xhtml" xml:lang="en" lang="en">
 <head>
  <title>
</title>
<meta http-equiv="Content-Type" content="text/html;charset=utf-8" />
  <meta name='ocr-system' content='tesseract 3.04.00' />
  <meta name='ocr-capabilities' content='ocr_page ocr_carea ocr_par ocr_line ocrx_word'/>
</head>
<body>
  <div class='ocr_page' id='page_1' title='image "./epistolaeselect00cicegoog/epistolaeselect00cicegoog_0086.png"; bbox 0 0 2392 3848; ppageno 0'>
   <div class='ocr_carea' id='block_1_1' title="bbox 118 191 1059 294">
    <p class='ocr_par' dir='ltr' id='par_1_1' title="bbox 118 191 1059 294">
     <span class='ocr_line' id='line_1_1' title="bbox 118 191 1059 294; baseline -0.002 -25"><span class='ocrx_word' id='word_1_1' title='bbox 118 220 160 289; x_wconf 89' lang='lat'>70</span> <span class='ocrx_word' id='word_1_2' title='bbox 326 257 328 262; x_wconf 14' lang='grc' dir='ltr'><em>Α</em></span> <span class='ocrx_word' id='word_1_3' title='bbox 387 215 426 270; x_wconf 80' lang='lat' dir='ltr'>rr.</span> <span class='ocrx_word' id='word_1_4' title='bbox 453 219 572 268; x_wconf 78' lang='lat' dir='ltr'>rurum</span> <span class='ocrx_word' id='word_1_5' title='bbox 593 216 782 268; x_wconf 82' lang='lat' dir='ltr'>crcunoms</span> <span class='ocrx_word' id='word_1_6' title='bbox 866 191 869 198; x_wconf 74' lang='grc'><strong>’</strong></span> <span class='ocrx_word' id='word_1_7' title='bbox 945 193 1015 294; x_wconf 62' lang='lat' dir='ltr'>[aaa</span> <span class='ocrx_word' id='word_1_8' title='bbox 1029 216 1059 267; x_wconf 88' lang='lat'>11.</span> 
     </span>
    </p>
   </div>
   <div class='ocr_carea' id='block_1_2' title="bbox 117 365 1064 929">
    <p class='ocr_par' dir='ltr' id='par_1_2' title="bbox 117 365 1064 929">
     <span class='ocr_line' id='line_1_2' title="bbox 118 365 1061 444; baseline -0.001 -18"><span class='ocrx_word' id='word_1_9' title='bbox 118 367 273 426; x_wconf 85' lang='lat' dir='ltr'><strong>Lentulum</strong></span> <span class='ocrx_word' id='word_1_10' title='bbox 288 377 419 427; x_wconf 88' lang='lat' dir='ltr'>nostrum</span> <span class='ocrx_word' id='word_1_11' title='bbox 434 368 540 427; x_wconf 87' lang='lat' dir='ltr'>eximia</span> <span class='ocrx_word' id='word_1_12' title='bbox 554 386 607 444; x_wconf 92' lang='lat' dir='ltr'>spe</span> <span class='ocrx_word' id='word_1_13' title='bbox 620 387 752 428; x_wconf 89' lang='lat' dir='ltr'>summae</span> <span class='ocrx_word' id='word_1_14' title='bbox 766 365 877 426; x_wconf 85' lang='lat' dir='ltr'>virtutis</span> <span class='ocrx_word' id='word_1_15' title='bbox 891 367 1061 427; x_wconf 89' lang='lat' dir='ltr'>adulescen-</span> 
     </span>
     <span class='ocr_line' id='line_1_3' title="bbox 117 464 1061 541; baseline -0.002 -18"><span class='ocrx_word' id='word_1_16' title='bbox 117 476 176 523; x_wconf 86' lang='lat' dir='ltr'>tem</span> <span class='ocrx_word' id='word_1_17' title='bbox 191 483 259 522; x_wconf 90' lang='lat' dir='ltr'>cum</span> <span class='ocrx_word' id='word_1_18' title='bbox 274 466 374 524; x_wconf 89' lang='lat' dir='ltr'>ceteris</span> <span class='ocrx_word' id='word_1_19' title='bbox 390 466 506 536; x_wconf 88' lang='lat' dir='ltr'>artibus,</span> <span class='ocrx_word' id='word_1_20' title='bbox 519 466 623 541; x_wconf 92' lang='lat' dir='ltr'>quibus</span> <span class='ocrx_word' id='word_1_21' title='bbox 638 465 769 523; x_wconf 87' lang='lat' dir='ltr'><strong>studuisti</strong></span> <span class='ocrx_word' id='word_1_22' title='bbox 784 481 899 539; x_wconf 87' lang='lat' dir='ltr'>semper</span> <span class='ocrx_word' id='word_1_23' title='bbox 914 464 987 540; x_wconf 91' lang='lat' dir='ltr'>ipse,</span> <span class='ocrx_word' id='word_1_24' title='bbox 1001 475 1061 521; x_wconf 90' lang='lat' dir='ltr'>tum</span> 
     </span>
     <span class='ocr_line' id='line_1_4' title="bbox 118 561 1062 636; baseline 0.001 -18"><span class='ocrx_word' id='word_1_25' title='bbox 118 563 148 618; x_wconf 92' lang='lat' dir='ltr'>in</span> <span class='ocrx_word' id='word_1_26' title='bbox 163 563 262 636; x_wconf 90' lang='lat' dir='ltr'>primis</span> <span class='ocrx_word' id='word_1_27' title='bbox 280 563 440 621; x_wconf 84' lang='lat' dir='ltr'>imitatione</span> <span class='ocrx_word' id='word_1_28' title='bbox 459 563 500 620; x_wconf 92' lang='lat' dir='ltr'>tui</span> <span class='ocrx_word' id='word_1_29' title='bbox 521 561 566 620; x_wconf 85' lang='lat' dir='ltr'>lac</span> <span class='ocrx_word' id='word_1_30' title='bbox 586 561 700 621; x_wconf 90' lang='lat' dir='ltr'>erudias</span> <span class='ocrx_word' id='word_1_31' title='bbox 710 581 719 635; x_wconf 81' lang='lat'><em>3</em></span> <span class='ocrx_word' id='word_1_32' title='bbox 741 562 820 621; x_wconf 85' lang='lat' dir='ltr'>nulla</span> <span class='ocrx_word' id='word_1_33' title='bbox 839 561 920 619; x_wconf 90' lang='lat' dir='ltr'>enim</span> <span class='ocrx_word' id='word_1_34' title='bbox 941 562 995 619; x_wconf 90' lang='lat' dir='ltr'>erit</span> <span class='ocrx_word' id='word_1_35' title='bbox 1009 561 1062 619; x_wconf 87' lang='lat' dir='ltr'>hac</span> 
     </span>
     <span class='ocr_line' id='line_1_5' title="bbox 118 658 1063 736; baseline -0.001 -20"><span class='ocrx_word' id='word_1_36' title='bbox 118 660 309 734; x_wconf 81' lang='lat' dir='ltr'>praestantior</span> <span class='ocrx_word' id='word_1_37' title='bbox 329 659 498 735; x_wconf 88' lang='lat' dir='ltr'>disciplina:</span> <span class='ocrx_word' id='word_1_38' title='bbox 520 678 609 736; x_wconf 90' lang='lat' dir='ltr'>quem</span> <span class='ocrx_word' id='word_1_39' title='bbox 623 678 685 729; x_wconf 69' lang='lat' dir='ltr'>noa</span> <span class='ocrx_word' id='word_1_40' title='bbox 700 668 728 719; x_wconf 93' lang='lat' dir='ltr'>et</span> <span class='ocrx_word' id='word_1_41' title='bbox 742 660 810 735; x_wconf 89' lang='lat' dir='ltr'>quia</span> <span class='ocrx_word' id='word_1_42' title='bbox 824 667 890 716; x_wconf 88' lang='lat' dir='ltr'>tuus</span> <span class='ocrx_word' id='word_1_43' title='bbox 909 668 939 717; x_wconf 93' lang='lat' dir='ltr'>et</span> <span class='ocrx_word' id='word_1_44' title='bbox 954 658 1023 734; x_wconf 90' lang='lat' dir='ltr'>quia</span> <span class='ocrx_word' id='word_1_45' title='bbox 1036 670 1063 715; x_wconf 88' lang='lat' dir='ltr'>te</span> 
     </span>
     <span class='ocr_line' id='line_1_6' title="bbox 119 755 1064 833; baseline -0.002 -19"><span class='ocrx_word' id='word_1_46' title='bbox 119 755 224 829; x_wconf 84' lang='lat' dir='ltr'>dignus</span> <span class='ocrx_word' id='word_1_47' title='bbox 244 766 289 814; x_wconf 90' lang='lat' dir='ltr'>est</span> <span class='ocrx_word' id='word_1_48' title='bbox 303 756 376 814; x_wconf 92' lang='lat' dir='ltr'>filius</span> <span class='ocrx_word' id='word_1_49' title='bbox 396 766 426 814; x_wconf 90' lang='lat' dir='ltr'>et</span> <span class='ocrx_word' id='word_1_50' title='bbox 439 757 507 832; x_wconf 83' lang='lat' dir='ltr'>quia</span> <span class='ocrx_word' id='word_1_51' title='bbox 526 775 583 814; x_wconf 89' lang='lat' dir='ltr'>nos</span> <span class='ocrx_word' id='word_1_52' title='bbox 604 756 696 833; x_wconf 86' lang='lat' dir='ltr'>diligit</span> <span class='ocrx_word' id='word_1_53' title='bbox 717 774 891 833; x_wconf 88' lang='lat' dir='ltr'>semperque</span> <span class='ocrx_word' id='word_1_54' title='bbox 910 755 1021 825; x_wconf 85' lang='lat' dir='ltr'>dilexit,</span> <span class='ocrx_word' id='word_1_55' title='bbox 1036 755 1064 812; x_wconf 91' lang='lat' dir='ltr'>in</span> 
     </span>
     <span class='ocr_line' id='line_1_7' title="bbox 118 853 701 929; baseline 0.003 -19"><span class='ocrx_word' id='word_1_56' title='bbox 118 853 218 928; x_wconf 89' lang='lat' dir='ltr'>primis</span> <span class='ocrx_word' id='word_1_57' title='bbox 232 872 364 911; x_wconf 89' lang='lat' dir='ltr'>amamus</span> <span class='ocrx_word' id='word_1_58' title='bbox 378 872 535 929; x_wconf 91' lang='lat' dir='ltr'>carumque</span> <span class='ocrx_word' id='word_1_59' title='bbox 549 854 701 913; x_wconf 91' lang='lat' dir='ltr'>habemus.</span> 
     </span>
    </p>
   </div>
   <div class='ocr_carea' id='block_1_3' title="bbox 313 1025 871 1102">
    <p class='ocr_par' dir='ltr' id='par_1_3' title="bbox 313 1025 871 1102">
     <span class='ocr_line' id='line_1_8' title="bbox 313 1025 871 1102; baseline 0.002 -17"><span class='ocrx_word' id='word_1_60' title='bbox 313 1030 361 1085; x_wconf 79' lang='lat'>2⁷.</span> <span class='ocrx_word' id='word_1_61' title='bbox 402 1026 459 1085; x_wconf 82' lang='lat' dir='ltr'>Au</span> <span class='ocrx_word' id='word_1_62' title='bbox 479 1025 729 1086; x_wconf 71' lang='lat' dir='ltr'>ranimirus</span> <span class='ocrx_word' id='word_1_63' title='bbox 751 1025 821 1086; x_wconf 85' lang='lat' dir='ltr'>vu.</span> <span class='ocrx_word' id='word_1_64' title='bbox 843 1039 871 1102; x_wconf 85' lang='lat'>5.</span> 
     </span>
    </p>
   </div>
   <div class='ocr_carea' id='block_1_4' title="bbox 262 1140 917 1308">
    <p class='ocr_par' dir='ltr' id='par_1_4' title="bbox 262 1140 917 1308">
     <span class='ocr_line' id='line_1_9' title="bbox 262 1140 917 1215; baseline 0 -14"><span class='ocrx_word' id='word_1_65' title='bbox 262 1140 327 1203; x_wconf 80' lang='lat' dir='ltr'>Sca.</span> <span class='ocrx_word' id='word_1_66' title='bbox 351 1140 460 1201; x_wconf 81' lang='lat' dir='ltr'>Romu</span> <span class='ocrx_word' id='word_1_67' title='bbox 481 1159 575 1200; x_wconf 81' lang='lat' dir='ltr'>uuusu</span> <span class='ocrx_word' id='word_1_68' title='bbox 597 1141 720 1201; x_wconf 73' lang='lat' dir='ltr'>Manno</span> <span class='ocrx_word' id='word_1_69' title='bbox 741 1159 825 1201; x_wconf 73' lang='lat' dir='ltr'>auc.</span> <span class='ocrx_word' id='word_1_70' title='bbox 848 1154 917 1215; x_wconf 82' lang='lat'><strong>700.</strong></span> 
     </span>
     <span class='ocr_line' id='line_1_10' title="bbox 389 1266 798 1308; baseline -0.005 0"><span class='ocrx_word' id='word_1_71' title='bbox 389 1266 491 1308; x_wconf 77' lang='lat' dir='ltr'>cicaro</span> <span class='ocrx_word' id='word_1_72' title='bbox 511 1266 633 1308; x_wconf 73' lang='lat' dir='ltr'>causam</span> <span class='ocrx_word' id='word_1_73' title='bbox 653 1267 711 1308; x_wconf 80' lang='lat' dir='ltr'>nir.</span> <span class='ocrx_word' id='word_1_74' title='bbox 733 1266 756 1307; x_wconf 91' lang='lat' dir='ltr'>s.</span> <span class='ocrx_word' id='word_1_75' title='bbox 769 1267 798 1306; x_wconf 85' lang='lat' dir='ltr'>n.</span> 
     </span>
    </p>
   </div>
   <div class='ocr_carea' id='block_1_5' title="bbox 122 1357 1075 3474">
    <p class='ocr_par' dir='ltr' id='par_1_5' title="bbox 122 1357 1075 3474">
     <span class='ocr_line' id='line_1_11' title="bbox 165 1357 1066 1436; baseline 0.004 -19"><span class='ocrx_word' id='word_1_76' title='bbox 165 1376 190 1417; x_wconf 93' lang='lat'>1.</span> <span class='ocrx_word' id='word_1_77' title='bbox 204 1357 291 1431; x_wconf 77' lang='lat' dir='ltr'>Vror,</span> <span class='ocrx_word' id='word_1_78' title='bbox 301 1378 389 1435; x_wconf 86' lang='lat' dir='ltr'>quam</span> <span class='ocrx_word' id='word_1_79' title='bbox 403 1360 474 1417; x_wconf 89' lang='lat' dir='ltr'>mihi</span> <span class='ocrx_word' id='word_1_80' title='bbox 483 1361 675 1436; x_wconf 89' lang='lat' dir='ltr'>persuaserim</span> <span class='ocrx_word' id='word_1_81' title='bbox 685 1371 714 1420; x_wconf 91' lang='lat' dir='ltr'>te</span> <span class='ocrx_word' id='word_1_82' title='bbox 728 1380 776 1419; x_wconf 93' lang='lat' dir='ltr'>me</span> <span class='ocrx_word' id='word_1_83' title='bbox 791 1380 855 1420; x_wconf 90' lang='lat' dir='ltr'>esse</span> <span class='ocrx_word' id='word_1_84' title='bbox 870 1359 993 1420; x_wconf 85' lang='lat' dir='ltr'>alterum</span> <span class='ocrx_word' id='word_1_85' title='bbox 1006 1380 1066 1422; x_wconf 91' lang='lat' dir='ltr'>non</span> 
     </span>
     <span class='ocr_line' id='line_1_12' title="bbox 122 1458 1065 1535; baseline 0.005 -20"><span class='ocrx_word' id='word_1_86' title='bbox 122 1459 213 1515; x_wconf 87' lang='lat' dir='ltr'>rnodo</span> <span class='ocrx_word' id='word_1_87' title='bbox 235 1459 265 1515; x_wconf 93' lang='lat' dir='ltr'>in</span> <span class='ocrx_word' id='word_1_88' title='bbox 285 1460 320 1517; x_wconf 87' lang='lat' dir='ltr'>iis</span> <span class='ocrx_word' id='word_1_89' title='bbox 340 1461 434 1528; x_wconf 92' lang='lat' dir='ltr'>rebus,</span> <span class='ocrx_word' id='word_1_90' title='bbox 450 1477 524 1534; x_wconf 91' lang='lat' dir='ltr'>quae</span> <span class='ocrx_word' id='word_1_91' title='bbox 545 1458 583 1518; x_wconf 94' lang='lat' dir='ltr'>ad</span> <span class='ocrx_word' id='word_1_92' title='bbox 603 1478 650 1516; x_wconf 90' lang='lat' dir='ltr'>me</span> <span class='ocrx_word' id='word_1_93' title='bbox 671 1460 775 1535; x_wconf 91' lang='lat' dir='ltr'>ipsum,</span> <span class='ocrx_word' id='word_1_94' title='bbox 791 1460 842 1518; x_wconf 92' lang='lat' dir='ltr'>sed</span> <span class='ocrx_word' id='word_1_95' title='bbox 863 1460 953 1518; x_wconf 89' lang='lat' dir='ltr'>etiam</span> <span class='ocrx_word' id='word_1_96' title='bbox 974 1462 1065 1531; x_wconf 82' lang='lat' dir='ltr'>iniis,</span> 
     </span>
     <span class='ocr_line' id='line_1_13' title="bbox 122 1555 1066 1636; baseline 0.006 -25"><span class='ocrx_word' id='word_1_97' title='bbox 122 1573 197 1631; x_wconf 90' lang='lat' dir='ltr'>quae</span> <span class='ocrx_word' id='word_1_98' title='bbox 218 1555 255 1613; x_wconf 93' lang='lat' dir='ltr'>ad</span> <span class='ocrx_word' id='word_1_99' title='bbox 276 1574 359 1614; x_wconf 89' lang='lat' dir='ltr'>meos</span> <span class='ocrx_word' id='word_1_100' title='bbox 380 1556 543 1632; x_wconf 87' lang='lat' dir='ltr'>pertinent:</span> <span class='ocrx_word' id='word_1_101' title='bbox 566 1555 598 1614; x_wconf 92' lang='lat' dir='ltr'>C.</span> <span class='ocrx_word' id='word_1_102' title='bbox 615 1556 786 1616; x_wconf 84' lang='lat' dir='ltr'>Trebatium</span> <span class='ocrx_word' id='word_1_103' title='bbox 807 1558 978 1633; x_wconf 85' lang='lat' dir='ltr'>cogitaram,</span> <span class='ocrx_word' id='word_1_104' title='bbox 993 1578 1066 1636; x_wconf 91' lang='lat' dir='ltr'>quo-</span> 
     </span>
     <span class='ocr_line' id='line_1_14' title="bbox 122 1655 1067 1729; baseline 0.003 -17"><span class='ocrx_word' id='word_1_105' title='bbox 122 1672 247 1729; x_wconf 92' lang='lat' dir='ltr'>cumque</span> <span class='ocrx_word' id='word_1_106' title='bbox 272 1655 388 1724; x_wconf 85' lang='lat' dir='ltr'>exirem,</span> <span class='ocrx_word' id='word_1_107' title='bbox 414 1673 529 1712; x_wconf 88' lang='lat' dir='ltr'>mecum</span> <span class='ocrx_word' id='word_1_108' title='bbox 553 1655 668 1725; x_wconf 90' lang='lat' dir='ltr'>ducere,</span> <span class='ocrx_word' id='word_1_109' title='bbox 689 1665 722 1712; x_wconf 91' lang='lat' dir='ltr'>ut</span> <span class='ocrx_word' id='word_1_110' title='bbox 743 1673 811 1713; x_wconf 91' lang='lat' dir='ltr'>eum</span> <span class='ocrx_word' id='word_1_111' title='bbox 832 1656 906 1714; x_wconf 91' lang='lat' dir='ltr'>meis</span> <span class='ocrx_word' id='word_1_112' title='bbox 929 1659 1067 1715; x_wconf 91' lang='lat' dir='ltr'>omnibus</span> 
     </span>
     <span class='ocr_line' id='line_1_15' title="bbox 123 1752 1066 1827; baseline 0.001 -17"><span class='ocrx_word' id='word_1_113' title='bbox 123 1752 233 1822; x_wconf 91' lang='lat' dir='ltr'>studiis,</span> <span class='ocrx_word' id='word_1_114' title='bbox 248 1752 394 1810; x_wconf 88' lang='lat' dir='ltr'>beneficiis</span> <span class='ocrx_word' id='word_1_115' title='bbox 410 1770 498 1827; x_wconf 93' lang='lat' dir='ltr'>quam</span> <span class='ocrx_word' id='word_1_116' title='bbox 512 1753 729 1809; x_wconf 88' lang='lat' dir='ltr'>ornatissimum</span> <span class='ocrx_word' id='word_1_117' title='bbox 752 1752 873 1810; x_wconf 90' lang='lat' dir='ltr'>domum</span> <span class='ocrx_word' id='word_1_118' title='bbox 888 1753 1066 1812; x_wconf 87' lang='lat' dir='ltr'>reducerem.</span> 
     </span>
     <span class='ocr_line' id='line_1_16' title="bbox 124 1847 1066 1924; baseline 0.001 -18"><span class='ocrx_word' id='word_1_119' title='bbox 124 1848 183 1906; x_wconf 91' lang='lat' dir='ltr'>Sed</span> <span class='ocrx_word' id='word_1_120' title='bbox 197 1859 299 1924; x_wconf 91' lang='lat' dir='ltr'>postea</span> <span class='ocrx_word' id='word_1_121' title='bbox 319 1866 406 1924; x_wconf 83' lang='lat' dir='ltr'>quam</span> <span class='ocrx_word' id='word_1_122' title='bbox 427 1858 455 1906; x_wconf 92' lang='lat' dir='ltr'>et</span> <span class='ocrx_word' id='word_1_123' title='bbox 469 1847 601 1923; x_wconf 89' lang='lat' dir='ltr'>Pompeii</span> <span class='ocrx_word' id='word_1_124' title='bbox 616 1848 806 1906; x_wconf 83' lang='lat' dir='ltr'>commoratio</span> <span class='ocrx_word' id='word_1_125' title='bbox 822 1848 985 1908; x_wconf 90' lang='lat' dir='ltr'>diuturnior</span> <span class='ocrx_word' id='word_1_126' title='bbox 998 1861 1066 1921; x_wconf 88' lang='lat' dir='ltr'>erat,</span> 
     </span>
     <span class='ocr_line' id='line_1_17' title="bbox 123 1945 1068 2022; baseline 0.002 -19"><span class='ocrx_word' id='word_1_127' title='bbox 123 1964 211 2020; x_wconf 89' lang='lat' dir='ltr'>quam</span> <span class='ocrx_word' id='word_1_128' title='bbox 225 1957 365 2021; x_wconf 88' lang='lat' dir='ltr'>putaram,</span> <span class='ocrx_word' id='word_1_129' title='bbox 380 1956 408 2004; x_wconf 93' lang='lat' dir='ltr'>et</span> <span class='ocrx_word' id='word_1_130' title='bbox 425 1965 491 2004; x_wconf 90' lang='lat' dir='ltr'>mea</span> <span class='ocrx_word' id='word_1_131' title='bbox 506 1945 649 2022; x_wconf 87' lang='lat' dir='ltr'>quaedam</span> <span class='ocrx_word' id='word_1_132' title='bbox 663 1946 715 2003; x_wconf 92' lang='lat' dir='ltr'>tibi</span> <span class='ocrx_word' id='word_1_133' title='bbox 729 1964 790 2004; x_wconf 91' lang='lat' dir='ltr'>non</span> <span class='ocrx_word' id='word_1_134' title='bbox 805 1947 906 2021; x_wconf 87' lang='lat' dir='ltr'>ignota</span> <span class='ocrx_word' id='word_1_135' title='bbox 926 1947 1068 2006; x_wconf 87' lang='lat' dir='ltr'>dubitatio</span> 
     </span>
     <span class='ocr_line' id='line_1_18' title="bbox 123 2042 1068 2119; baseline 0.001 -17"><span class='ocrx_word' id='word_1_136' title='bbox 123 2055 172 2102; x_wconf 90' lang='lat' dir='ltr'>aut</span> <span class='ocrx_word' id='word_1_137' title='bbox 199 2042 337 2118; x_wconf 89' lang='lat' dir='ltr'>impedire</span> <span class='ocrx_word' id='word_1_138' title='bbox 369 2042 579 2119; x_wconf 81' lang='lat' dir='ltr'>profectionem</span> <span class='ocrx_word' id='word_1_139' title='bbox 612 2060 708 2100; x_wconf 88' lang='lat' dir='ltr'>meam</span> <span class='ocrx_word' id='word_1_140' title='bbox 735 2043 885 2101; x_wconf 85' lang='lat' dir='ltr'>videbatur</span> <span class='ocrx_word' id='word_1_141' title='bbox 913 2056 963 2102; x_wconf 90' lang='lat' dir='ltr'>aut</span> <span class='ocrx_word' id='word_1_142' title='bbox 992 2055 1068 2104; x_wconf 89' lang='lat' dir='ltr'>certe</span> 
     </span>
     <span class='ocr_line' id='line_1_19' title="bbox 122 2139 1068 2216; baseline 0.003 -18"><span class='ocrx_word' id='word_1_143' title='bbox 122 2139 245 2210; x_wconf 85' lang='lat' dir='ltr'>tardare,</span> <span class='ocrx_word' id='word_1_144' title='bbox 260 2140 332 2210; x_wconf 90' lang='lat' dir='ltr'>vide,</span> <span class='ocrx_word' id='word_1_145' title='bbox 348 2140 417 2216; x_wconf 93' lang='lat' dir='ltr'>quid</span> <span class='ocrx_word' id='word_1_146' title='bbox 432 2139 502 2196; x_wconf 92' lang='lat' dir='ltr'>mihi</span> <span class='ocrx_word' id='word_1_147' title='bbox 517 2140 708 2215; x_wconf 89' lang='lat' dir='ltr'>sumpserim:</span> <span class='ocrx_word' id='word_1_148' title='bbox 731 2141 814 2216; x_wconf 89' lang='lat' dir='ltr'>coepi</span> <span class='ocrx_word' id='word_1_149' title='bbox 825 2140 896 2199; x_wconf 89' lang='lat' dir='ltr'>velle</span> <span class='ocrx_word' id='word_1_150' title='bbox 911 2160 947 2200; x_wconf 88' lang='lat' dir='ltr'>ea</span> <span class='ocrx_word' id='word_1_151' title='bbox 956 2141 1068 2202; x_wconf 88' lang='lat' dir='ltr'>Treba·</span> 
     </span>
     <span class='ocr_line' id='line_1_20' title="bbox 123 2239 1069 2313; baseline 0.003 -18"><span class='ocrx_word' id='word_1_152' title='bbox 123 2239 195 2296; x_wconf 92' lang='lat' dir='ltr'>tium</span> <span class='ocrx_word' id='word_1_153' title='bbox 209 2247 377 2311; x_wconf 82' lang='lat' dir='ltr'>exspectare</span> <span class='ocrx_word' id='word_1_154' title='bbox 392 2255 409 2294; x_wconf 90' lang='lat' dir='ltr'>a</span> <span class='ocrx_word' id='word_1_155' title='bbox 422 2247 459 2308; x_wconf 91' lang='lat' dir='ltr'>te,</span> <span class='ocrx_word' id='word_1_156' title='bbox 475 2255 549 2312; x_wconf 89' lang='lat' dir='ltr'>quae</span> <span class='ocrx_word' id='word_1_157' title='bbox 569 2245 713 2311; x_wconf 88' lang='lat' dir='ltr'>sperasset</span> <span class='ocrx_word' id='word_1_158' title='bbox 732 2256 750 2295; x_wconf 94' lang='lat' dir='ltr'>a</span> <span class='ocrx_word' id='word_1_159' title='bbox 766 2256 821 2308; x_wconf 88' lang='lat' dir='ltr'>me,</span> <span class='ocrx_word' id='word_1_160' title='bbox 837 2255 933 2313; x_wconf 90' lang='lat' dir='ltr'>neque</span> <span class='ocrx_word' id='word_1_161' title='bbox 956 2240 1069 2298; x_wconf 89' lang='lat' dir='ltr'>meher-</span> 
     </span>
     <span class='ocr_line' id='line_1_21' title="bbox 124 2334 1069 2413; baseline 0 -18"><span class='ocrx_word' id='word_1_162' title='bbox 124 2335 187 2395; x_wconf 88' lang='lat' dir='ltr'>cule</span> <span class='ocrx_word' id='word_1_163' title='bbox 209 2336 305 2392; x_wconf 90' lang='lat' dir='ltr'>minus</span> <span class='ocrx_word' id='word_1_164' title='bbox 330 2335 357 2391; x_wconf 91' lang='lat' dir='ltr'>ei</span> <span class='ocrx_word' id='word_1_165' title='bbox 384 2335 496 2409; x_wconf 90' lang='lat' dir='ltr'>prolixe</span> <span class='ocrx_word' id='word_1_166' title='bbox 519 2334 555 2406; x_wconf 90' lang='lat' dir='ltr'>de</span> <span class='ocrx_word' id='word_1_167' title='bbox 579 2344 629 2391; x_wconf 90' lang='lat' dir='ltr'>tua</span> <span class='ocrx_word' id='word_1_168' title='bbox 651 2335 798 2393; x_wconf 88' lang='lat' dir='ltr'>voluntate</span> <span class='ocrx_word' id='word_1_169' title='bbox 823 2336 954 2410; x_wconf 91' lang='lat' dir='ltr'>promisi,</span> <span class='ocrx_word' id='word_1_170' title='bbox 981 2355 1069 2413; x_wconf 88' lang='lat' dir='ltr'>quam</span> 
     </span>
     <span class='ocr_line' id='line_1_22' title="bbox 124 2431 1070 2507; baseline 0.004 -17"><span class='ocrx_word' id='word_1_171' title='bbox 124 2451 203 2491; x_wconf 88' lang='lat' dir='ltr'>eram</span> <span class='ocrx_word' id='word_1_172' title='bbox 226 2432 324 2490; x_wconf 89' lang='lat' dir='ltr'>solitus</span> <span class='ocrx_word' id='word_1_173' title='bbox 349 2432 386 2489; x_wconf 91' lang='lat' dir='ltr'>de</span> <span class='ocrx_word' id='word_1_174' title='bbox 407 2450 473 2488; x_wconf 85' lang='lat' dir='ltr'>mea</span> <span class='ocrx_word' id='word_1_175' title='bbox 495 2431 631 2507; x_wconf 90' lang='lat' dir='ltr'>polliceri.</span> <span class='ocrx_word' id='word_1_176' title='bbox 676 2451 701 2489; x_wconf 88' lang='lat'>2.</span> <span class='ocrx_word' id='word_1_177' title='bbox 724 2431 817 2490; x_wconf 88' lang='lat' dir='ltr'>Casus</span> <span class='ocrx_word' id='word_1_178' title='bbox 839 2450 909 2490; x_wconf 91' lang='lat' dir='ltr'>vero</span> <span class='ocrx_word' id='word_1_179' title='bbox 931 2435 1070 2494; x_wconf 84' lang='lat' dir='ltr'>mirificus</span> 
     </span>
     <span class='ocr_line' id='line_1_23' title="bbox 124 2527 1070 2608; baseline 0.006 -22"><span class='ocrx_word' id='word_1_180' title='bbox 124 2529 243 2606; x_wconf 86' lang='lat' dir='ltr'>quidam</span> <span class='ocrx_word' id='word_1_181' title='bbox 257 2529 407 2586; x_wconf 89' lang='lat' dir='ltr'>intervenit</span> <span class='ocrx_word' id='word_1_182' title='bbox 418 2529 500 2604; x_wconf 82' lang='lat' dir='ltr'>quasi</span> <span class='ocrx_word' id='word_1_183' title='bbox 510 2527 554 2586; x_wconf 93' lang='lat' dir='ltr'>vel</span> <span class='ocrx_word' id='word_1_184' title='bbox 568 2528 648 2586; x_wconf 90' lang='lat' dir='ltr'>testis</span> <span class='ocrx_word' id='word_1_185' title='bbox 662 2528 808 2603; x_wconf 93' lang='lat' dir='ltr'>opinionis</span> <span class='ocrx_word' id='word_1_186' title='bbox 823 2547 908 2587; x_wconf 91' lang='lat' dir='ltr'>meae</span> <span class='ocrx_word' id='word_1_187' title='bbox 919 2531 965 2588; x_wconf 93' lang='lat' dir='ltr'>vel</span> <span class='ocrx_word' id='word_1_188' title='bbox 981 2551 1070 2608; x_wconf 89' lang='lat' dir='ltr'>spon·</span> 
     </span>
     <span class='ocr_line' id='line_1_24' title="bbox 125 2625 1072 2701; baseline 0.004 -16"><span class='ocrx_word' id='word_1_189' title='bbox 125 2645 173 2686; x_wconf 92' lang='lat' dir='ltr'>sor</span> <span class='ocrx_word' id='word_1_190' title='bbox 184 2627 368 2684; x_wconf 87' lang='lat' dir='ltr'>humanitatis</span> <span class='ocrx_word' id='word_1_191' title='bbox 384 2638 461 2684; x_wconf 88' lang='lat' dir='ltr'>tuae:</span> <span class='ocrx_word' id='word_1_192' title='bbox 482 2644 551 2683; x_wconf 91' lang='lat' dir='ltr'>nam</span> <span class='ocrx_word' id='word_1_193' title='bbox 566 2644 632 2683; x_wconf 92' lang='lat' dir='ltr'>cum</span> <span class='ocrx_word' id='word_1_194' title='bbox 649 2626 685 2683; x_wconf 90' lang='lat' dir='ltr'>de</span> <span class='ocrx_word' id='word_1_195' title='bbox 697 2625 753 2684; x_wconf 92' lang='lat' dir='ltr'>hoc</span> <span class='ocrx_word' id='word_1_196' title='bbox 768 2627 833 2701; x_wconf 88' lang='lat' dir='ltr'>ipso</span> <span class='ocrx_word' id='word_1_197' title='bbox 846 2626 988 2686; x_wconf 91' lang='lat' dir='ltr'>Trebatio</span> <span class='ocrx_word' id='word_1_198' title='bbox 1004 2649 1072 2688; x_wconf 87' lang='lat' dir='ltr'>cum</span> 
     </span>
     <span class='ocr_line' id='line_1_25' title="bbox 125 2723 1072 2800; baseline 0.003 -17"><span class='ocrx_word' id='word_1_199' title='bbox 125 2725 218 2783; x_wconf 91' lang='lat' dir='ltr'>Balbo</span> <span class='ocrx_word' id='word_1_200' title='bbox 233 2733 333 2781; x_wconf 90' lang='lat' dir='ltr'>nostro</span> <span class='ocrx_word' id='word_1_201' title='bbox 347 2723 481 2800; x_wconf 89' lang='lat' dir='ltr'>loquerer</span> <span class='ocrx_word' id='word_1_202' title='bbox 496 2723 655 2781; x_wconf 88' lang='lat' dir='ltr'>accuratius</span> <span class='ocrx_word' id='word_1_203' title='bbox 672 2723 752 2781; x_wconf 90' lang='lat' dir='ltr'>domi</span> <span class='ocrx_word' id='word_1_204' title='bbox 767 2742 859 2793; x_wconf 87' lang='lat' dir='ltr'>meae,</span> <span class='ocrx_word' id='word_1_205' title='bbox 875 2724 987 2784; x_wconf 88' lang='lat' dir='ltr'>litterae</span> <span class='ocrx_word' id='word_1_206' title='bbox 1001 2727 1072 2786; x_wconf 88' lang='lat' dir='ltr'>mihi</span> 
     </span>
     <span class='ocr_line' id='line_1_26' title="bbox 126 2821 1073 2896; baseline 0.001 -15"><span class='ocrx_word' id='word_1_207' title='bbox 126 2824 231 2881; x_wconf 90' lang='lat' dir='ltr'>dantur</span> <span class='ocrx_word' id='word_1_208' title='bbox 251 2841 269 2879; x_wconf 91' lang='lat' dir='ltr'>a</span> <span class='ocrx_word' id='word_1_209' title='bbox 290 2831 326 2891; x_wconf 87' lang='lat' dir='ltr'>te,</span> <span class='ocrx_word' id='word_1_210' title='bbox 351 2822 454 2896; x_wconf 92' lang='lat' dir='ltr'>quibus</span> <span class='ocrx_word' id='word_1_211' title='bbox 479 2822 509 2879; x_wconf 91' lang='lat' dir='ltr'>in</span> <span class='ocrx_word' id='word_1_212' title='bbox 534 2821 671 2878; x_wconf 85' lang='lat' dir='ltr'>extremis</span> <span class='ocrx_word' id='word_1_213' title='bbox 699 2821 837 2895; x_wconf 89' lang='lat' dir='ltr'>scriptum</span> <span class='ocrx_word' id='word_1_214' title='bbox 861 2831 939 2879; x_wconf 90' lang='lat' dir='ltr'>erat:</span> <span class='ocrx_word' id='word_1_215' title='bbox 971 2825 1073 2896; x_wconf 78' lang='lat' dir='ltr'><strong>‘M.†</strong></span> 
     </span>
     <span class='ocr_line' id='line_1_27' title="bbox 125 2916 1072 2995; baseline 0.002 -17"><span class='ocrx_word' id='word_1_216' title='bbox 125 2921 256 2990; x_wconf 92' lang='lat' dir='ltr'>itfiuium,</span> <span class='ocrx_word' id='word_1_217' title='bbox 267 2937 355 2993; x_wconf 90' lang='lat' dir='ltr'>quem</span> <span class='ocrx_word' id='word_1_218' title='bbox 369 2918 438 2975; x_wconf 93' lang='lat' dir='ltr'>mihi</span> <span class='ocrx_word' id='word_1_219' title='bbox 454 2916 651 2987; x_wconf 86' lang='lat' dir='ltr'>commendas,</span> <span class='ocrx_word' id='word_1_220' title='bbox 664 2918 707 2974; x_wconf 92' lang='lat' dir='ltr'>vel</span> <span class='ocrx_word' id='word_1_221' title='bbox 722 2936 822 2992; x_wconf 87' lang='lat' dir='ltr'>regem</span> <span class='ocrx_word' id='word_1_222' title='bbox 834 2917 946 2977; x_wconf 89' lang='lat' dir='ltr'>Galliae</span> <span class='ocrx_word' id='word_1_223' title='bbox 957 2921 1072 2995; x_wconf 86' lang='lat' dir='ltr'>faciam,</span> 
     </span>
     <span class='ocr_line' id='line_1_28' title="bbox 125 3015 1073 3094; baseline 0.004 -18"><span class='ocrx_word' id='word_1_224' title='bbox 125 3019 169 3076; x_wconf 91' lang='lat' dir='ltr'>vel</span> <span class='ocrx_word' id='word_1_225' title='bbox 188 3019 265 3075; x_wconf 92' lang='lat' dir='ltr'>hunc</span> <span class='ocrx_word' id='word_1_226' title='bbox 284 3016 428 3091; x_wconf 88' lang='lat' dir='ltr'>†Leptae</span> <span class='ocrx_word' id='word_1_227' title='bbox 450 3015 559 3089; x_wconf 87' lang='lat' dir='ltr'>delega,</span> <span class='ocrx_word' id='word_1_228' title='bbox 575 3015 599 3072; x_wconf 91' lang='lat' dir='ltr'>si</span> <span class='ocrx_word' id='word_1_229' title='bbox 613 3015 671 3071; x_wconf 89' lang='lat' dir='ltr'>vis:</span> <span class='ocrx_word' id='word_1_230' title='bbox 692 3026 723 3073; x_wconf 93' lang='lat' dir='ltr'>tu</span> <span class='ocrx_word' id='word_1_231' title='bbox 745 3015 781 3073; x_wconf 91' lang='lat' dir='ltr'>ad</span> <span class='ocrx_word' id='word_1_232' title='bbox 802 3034 850 3073; x_wconf 91' lang='lat' dir='ltr'>me</span> <span class='ocrx_word' id='word_1_233' title='bbox 872 3017 960 3075; x_wconf 87' lang='lat' dir='ltr'>alium</span> <span class='ocrx_word' id='word_1_234' title='bbox 982 3022 1073 3094; x_wconf 88' lang='lat' dir='ltr'>mitte,</span> 
     </span>
     <span class='ocr_line' id='line_1_29' title="bbox 126 3113 1074 3192; baseline 0.003 -19"><span class='ocrx_word' id='word_1_235' title='bbox 126 3134 214 3192; x_wconf 91' lang='lat' dir='ltr'>quem</span> <span class='ocrx_word' id='word_1_236' title='bbox 228 3114 348 3173; x_wconf 69' lang='lat' dir='ltr'>omem!</span> <span class='ocrx_word' id='word_1_237' title='bbox 385 3113 557 3171; x_wconf 92' lang='lat' dir='ltr'>Sustulimus</span> <span class='ocrx_word' id='word_1_238' title='bbox 571 3131 675 3171; x_wconf 91' lang='lat' dir='ltr'>manus</span> <span class='ocrx_word' id='word_1_239' title='bbox 689 3123 718 3170; x_wconf 92' lang='lat' dir='ltr'>et</span> <span class='ocrx_word' id='word_1_240' title='bbox 732 3132 788 3189; x_wconf 85' lang='lat' dir='ltr'>ego</span> <span class='ocrx_word' id='word_1_241' title='bbox 804 3125 832 3170; x_wconf 90' lang='lat' dir='ltr'>et</span> <span class='ocrx_word' id='word_1_242' title='bbox 841 3113 968 3174; x_wconf 88' lang='lat' dir='ltr'>Balbus:</span> <span class='ocrx_word' id='word_1_243' title='bbox 991 3126 1074 3176; x_wconf 85' lang='lat' dir='ltr'>tanta</span> 
     </span>
     <span class='ocr_line' id='line_1_30' title="bbox 125 3208 1074 3287; baseline 0.005 -18"><span class='ocrx_word' id='word_1_244' title='bbox 125 3213 178 3269; x_wconf 90' lang='lat' dir='ltr'>suit</span> <span class='ocrx_word' id='word_1_245' title='bbox 194 3210 404 3287; x_wconf 85' lang='lat' dir='ltr'>opportunitas,</span> <span class='ocrx_word' id='word_1_246' title='bbox 420 3221 451 3266; x_wconf 93' lang='lat' dir='ltr'>ut</span> <span class='ocrx_word' id='word_1_247' title='bbox 465 3208 534 3266; x_wconf 94' lang='lat' dir='ltr'>illud</span> <span class='ocrx_word' id='word_1_248' title='bbox 554 3209 653 3267; x_wconf 87' lang='lat' dir='ltr'>nescio</span> <span class='ocrx_word' id='word_1_249' title='bbox 672 3211 743 3284; x_wconf 93' lang='lat' dir='ltr'>quid</span> <span class='ocrx_word' id='word_1_250' title='bbox 763 3228 823 3267; x_wconf 91' lang='lat' dir='ltr'>non</span> <span class='ocrx_word' id='word_1_251' title='bbox 843 3209 1005 3284; x_wconf 88' lang='lat' dir='ltr'>fortuitum,</span> <span class='ocrx_word' id='word_1_252' title='bbox 1021 3212 1074 3274; x_wconf 91' lang='lat' dir='ltr'>sed</span> 
     </span>
     <span class='ocr_line' id='line_1_31' title="bbox 125 3304 1075 3388; baseline 0.003 -20"><span class='ocrx_word' id='word_1_253' title='bbox 125 3309 253 3368; x_wconf 91' lang='lat' dir='ltr'>divinum</span> <span class='ocrx_word' id='word_1_254' title='bbox 274 3310 422 3366; x_wconf 92' lang='lat' dir='ltr'>videretur.</span> <span class='ocrx_word' id='word_1_255' title='bbox 467 3304 553 3363; x_wconf 92' lang='lat' dir='ltr'>Mitto</span> <span class='ocrx_word' id='word_1_256' title='bbox 579 3306 664 3380; x_wconf 79' lang='lat' dir='ltr'>igitur</span> <span class='ocrx_word' id='word_1_257' title='bbox 686 3305 723 3363; x_wconf 90' lang='lat' dir='ltr'>ad</span> <span class='ocrx_word' id='word_1_258' title='bbox 745 3314 773 3364; x_wconf 91' lang='lat' dir='ltr'>te</span> <span class='ocrx_word' id='word_1_259' title='bbox 789 3306 962 3367; x_wconf 88' lang='lat' dir='ltr'>Trebatium</span> <span class='ocrx_word' id='word_1_260' title='bbox 986 3321 1075 3388; x_wconf 86' lang='lat' dir='ltr'>atque</span> 
     </span>
     <span class='ocr_line' id='line_1_32' title="bbox 123 3403 1073 3474; baseline 0.003 -9"><span class='ocrx_word' id='word_1_261' title='bbox 123 3408 163 3466; x_wconf 90' lang='lat' dir='ltr'>ita</span> <span class='ocrx_word' id='word_1_262' title='bbox 183 3407 274 3474; x_wconf 88' lang='lat' dir='ltr'>mitto,</span> <span class='ocrx_word' id='word_1_263' title='bbox 297 3412 330 3462; x_wconf 90' lang='lat' dir='ltr'>ut</span> <span class='ocrx_word' id='word_1_264' title='bbox 349 3403 430 3461; x_wconf 91' lang='lat' dir='ltr'>initio</span> <span class='ocrx_word' id='word_1_265' title='bbox 450 3419 517 3460; x_wconf 89' lang='lat' dir='ltr'>mea</span> <span class='ocrx_word' id='word_1_266' title='bbox 538 3410 651 3472; x_wconf 80' lang='lat' dir='ltr'>sponte.</span> <span class='ocrx_word' id='word_1_267' title='bbox 669 3411 736 3460; x_wconf 65' lang='lat' dir='ltr'>onst</span> <span class='ocrx_word' id='word_1_268' title='bbox 758 3412 854 3460; x_wconf 88' lang='lat' dir='ltr'>autem</span> <span class='ocrx_word' id='word_1_269' title='bbox 876 3404 999 3466; x_wconf 89' lang='lat' dir='ltr'>invitatu</span> <span class='ocrx_word' id='word_1_270' title='bbox 1020 3418 1073 3468; x_wconf 92' lang='lat' dir='ltr'>tuo</span> 
     </span>
    </p>
   </div>
   <div class='ocr_carea' id='block_1_6' title="bbox 0 0 1211 3848">
    <p class='ocr_par' dir='ltr' id='par_1_6' title="bbox 0 0 1211 3848">
     <span class='ocr_line' id='line_1_33' title="bbox 0 0 1211 3848; baseline 0 0"><span class='ocrx_word' id='word_1_271' title='bbox 0 0 1211 3848; x_wconf 95' lang='lat' dir='ltr'> </span> 
     </span>
    </p>
   </div>
  </div>
 </body>
</html>
