2392 3848
119 222 167 288 up
182 204 236 295 aa]
346 218 459 269 aaran
480 218 531 268 An
551 218 719 268 Arrrcuu
742 214 787 267 vr.
811 222 841 271 a.
1005 220 1067 289 113

119 369 423 449 quaternas-habebat
443 370 475 429 in
488 369 660 446 syngrapha.
704 368 778 427 Fieri
793 387 853 427 non
866 376 988 444 poterat,
1004 387 1066 439 nec,

119 469 148 527 si
174 477 285 545 posset,
308 485 367 544 ego
390 468 450 544 pati
477 486 606 544 possem.
647 468 746 526 Audio
771 468 894 525 omnino
919 465 1068 541 Scaptium

119 566 287 644 paenitere3
308 583 377 623 nam
398 564 477 641 quod
497 575 613 624 senatus
636 565 800 624 consultum
819 583 881 623 esse
901 564 1024 634 dicebat,
1038 573 1070 620 ut

120 663 169 723 ius
186 682 225 722 ex
246 662 412 738 syngrapha
432 663 581 733 diceretur,
595 680 633 720 eo
652 662 773 721 consilio
792 661 902 719 factum
923 671 974 730 est,
989 658 1070 734 quod

120 761 281 839 pecuniam
297 758 444 818 Salaminii
465 770 566 818 contra
585 759 680 836 legem
695 759 852 818 Gabiniam
871 767 1069 833 sumpserant;

121 858 240 917 vetabat
260 866 358 915 autem
375 856 443 914 Auli
463 855 509 914 lex
530 857 574 915 ius
596 857 652 914 dici
673 857 710 915 de
731 858 770 914 ita
792 865 907 931 sumpta
927 855 1067 931 pecunia:

121 956 252 1017 decrevit
264 954 352 1030 igitur
366 964 492 1023 senatus,
508 964 538 1011 ut
552 955 596 1012 ius
611 955 752 1012 diceretur
771 972 809 1010 ex
827 952 883 1011 ista
896 952 1070 1028 syngrapha.

121 1052 214 1117 Nunc
228 1052 282 1111 ista
295 1051 383 1109 habet
402 1051 469 1108 iuris
489 1051 577 1121 idern,
592 1051 673 1127 quod
693 1062 814 1121 ceterae,
830 1050 899 1107 nihil
917 1051 1070 1125 praecipui.

121 1154 153 1211 8.
174 1149 263 1209 Haec
282 1168 301 1208 a
320 1167 368 1206 me
389 1147 490 1207 ordine
510 1147 588 1206 facta
605 1158 678 1224 puto
697 1167 746 1206 me
765 1148 854 1207 Bruto
873 1149 1071 1222 probaturum,

121 1250 177 1309 tibi
190 1248 312 1319 neseio;
334 1246 440 1305 Catoni
455 1255 532 1304 certe
546 1245 687 1320 probabo.
731 1244 789 1303 Sed
805 1245 862 1302 iam
877 1244 914 1302 ad
935 1252 962 1302 te
977 1245 1072 1320 ipsum

121 1355 269 1409 revertor:
290 1345 339 1403 ain
360 1344 488 1414 tandem,
502 1342 607 1414 Attice,
622 1341 755 1400 laudator
775 1342 945 1417 integritatis
966 1352 995 1403 et
1015 1343 1071 1402 elc-

122 1445 244 1525 gantiae
257 1452 382 1513 nostrae,

395 1561 462 1594 ausus
478 1561 502 1594 es
518 1545 564 1594 hoe
580 1560 609 1593 ex
625 1561 666 1593 ore
682 1554 724 1593 tuo
736 1569 821 1596 --.

123 1657 220 1737 inquit
233 1656 357 1727 Ennius,
371 1665 403 1714 ut
417 1654 528 1731 equites
548 1653 666 1729 Scaptio
686 1653 723 1711 ad
741 1653 895 1730 pecuniam
910 1655 1073 1730 cogendam

124 1758 237 1827 darem,
258 1773 307 1813 me
331 1754 456 1830 rogare?
485 1769 524 1809 an
548 1761 580 1809 tu
605 1752 629 1810 si
650 1768 767 1809 mecum
792 1770 881 1823 esses,
902 1753 952 1828 qui
974 1754 1073 1812 scribis

124 1853 255 1917 morderi
273 1862 302 1910 te
322 1850 476 1920 interdum,
491 1848 570 1926 quod
591 1867 653 1907 non
675 1848 760 1906 simul
775 1848 824 1918 sis,
839 1859 969 1925 paterere
982 1869 1030 1909 me
1045 1853 1074 1910 id

126 1950 234 2021 facere,
255 1949 281 2008 si
300 1947 423 2006 vellem?
449 1951 525 2004 ‘nou
547 1943 690 2019 amplius'
712 1944 808 2020 inquis
831 1945 1073 2022 ‘quinquaginta'

126 2046 207 2107 Cum
221 2045 364 2122 Spartaco
378 2045 475 2101 minus
493 2041 575 2100 multi
597 2041 692 2116 primo
712 2040 845 2101 fuerunt:
868 2043 938 2119 quid
957 2045 1075 2104 tandem

125 2144 174 2205 isti
186 2142 258 2202 mali
271 2143 302 2200 in
316 2151 375 2199 tam
389 2151 490 2199 tenera
502 2138 596 2197 insula
610 2156 672 2196 non
686 2137 844 2198 fecissent?
865 2159 926 2199 non
941 2141 1076 2201 iecissent

126 2242 246 2303 autem?
267 2240 359 2298 immo
376 2239 446 2314 quid
468 2247 534 2296 ante
554 2236 710 2295 adventum
731 2255 829 2294 meum
849 2256 911 2296 non
925 2239 1075 2298 fecerunt?

127 2338 279 2399 Inclusum
306 2336 337 2393 in
364 2336 444 2394 curia
471 2343 604 2393 senatum
630 2334 792 2392 habuerunt
822 2335 1010 2394 Salaminium
1037 2336 1077 2395 ita

125 2435 237 2497 multos
251 2433 321 2503 dies,
336 2440 368 2490 ut
381 2432 536 2490 interierint
550 2449 613 2489 non
627 2431 698 2489 nulli
713 2431 788 2490 fame
796 2450 806 2504 ;
828 2443 888 2492 erat
903 2433 981 2491 enim
995 2452 1077 2509 prae-

127 2534 221 2593 iectus
241 2530 332 2606 Appii
353 2528 486 2605 Scaptius
506 2538 536 2588 et
556 2530 682 2587 habebat
702 2539 811 2588 turmas
832 2532 869 2588 ab
890 2530 997 2606 Appio.
1041 2529 1077 2587 Id

127 2648 177 2691 me
195 2629 285 2705 igitur
304 2638 345 2693 tu,
360 2627 441 2685 cuius
462 2625 627 2686 mehercule
647 2644 682 2685 os
702 2628 772 2684 mihi
793 2638 860 2687 ante
882 2628 983 2687 oculos
1005 2626 1078 2685 solet

126 2727 245 2797 versari,
270 2742 338 2784 cum
359 2724 396 2782 de
416 2723 514 2800 aiiquo
542 2724 638 2783 officio
664 2743 698 2784 ac
723 2725 808 2783 laude
833 2726 941 2800 cogite,
966 2735 998 2782 tu
1020 2743 1077 2794 me,

127 2824 259 2901 iuquam,
286 2837 384 2898 rogas,
411 2820 576 2898 praefectus
604 2832 637 2880 ut
666 2823 799 2899 Scaptius
828 2823 883 2881 sit?
918 2823 988 2880 alias
1020 2820 1078 2881 hoc

127 2932 330 2991 statueramus
344 2929 377 2978 ut
395 2919 606 2995 negotiatorem
625 2921 782 2991 neminem,
798 2919 886 2995 idque
905 2918 996 2976 Bruto
1009 2937 1077 2994 pro-

127 3018 309 3077 baveramus.
352 3013 470 3072 Habeat
488 3013 513 3071 is
532 3016 661 3072 turmas?
683 3032 734 3071 cur
755 3015 852 3089 potius
867 3030 957 3089 quam
972 3012 1078 3070 cohor-

127 3114 194 3175 tes?
224 3122 345 3188 sumptu
367 3112 426 3168 iam
453 3129 546 3186 nepos
571 3112 665 3170 evadit
695 3111 836 3186 Scaptius.
881 3130 906 3186 9.
931 3108 1077 3169 ‘Volunt’

128 3209 224 3289 iuquit
247 3207 430 3287 ‘principes’
474 3208 560 3268 Scio:
589 3226 658 3266 nam
683 3210 720 3266 ad
741 3227 789 3267 me
813 3208 965 3284 Ephesum
987 3226 1079 3284 usque

129 3316 273 3369 venerunt
298 3305 461 3382 flentesque
485 3307 616 3383 equitum
649 3307 758 3364 scelera
788 3317 816 3364 et
849 3307 978 3364 miserias
1011 3325 1078 3364 suas

132 3407 313 3481 detulerunt3
349 3406 445 3482 itaque
475 3405 572 3462 statim
606 3404 671 3462 dedi
708 3405 822 3475 litteras,
851 3415 882 3463 ut
911 3422 948 3463 err
980 3403 1078 3484 Cypro

578 3518 591 3560 1
