2392 3848
123 222 218 287 2299,
230 205 305 290 m]
332 217 448 269 aaran.
468 217 518 266 AD
538 216 760 267 FAMILIARES
774 216 829 266 m.
846 221 874 270 a.
1004 220 1067 288 213

122 393 191 435 eum
210 374 351 445 dolorem,
366 391 456 451 quem
474 392 491 432 e
509 372 669 449 republica
687 372 781 448 capio,
796 364 903 431 domus
921 371 979 429 iam
999 389 1068 429 eon·

123 474 210 533 solari
243 481 343 549 potest
375 489 431 530 nec
465 471 659 530 domesticum
693 489 740 529 res
773 470 896 547 publica.
939 488 965 544 3.
999 469 1068 541 Quo

122 572 219 648 magis
245 580 276 629 te
303 579 442 646 exspecto
466 578 553 646 teque
578 568 674 626 videre
697 586 786 643 quam
810 569 937 644 primum
965 568 1068 643 cupio:

121 671 218 729 maior
235 667 307 727 mihi
327 667 431 726 levatio
452 666 556 725 adferri
576 666 655 724 nulla
675 677 771 742 potest
792 683 880 742 quam
901 666 1069 724 coniunctio

122 766 344 829 consuetudinis
357 782 585 840 sermonumque
603 774 786 835 nostrorum;
808 781 986 839 quamquam
1003 781 1069 839 spe·

121 867 226 925 rabam
245 874 329 922 tuum
349 863 588 922 adventum—sic
610 863 690 920 enim
714 863 1070 938 audiebam-adpropin-

123 981 225 1041 quare.
266 961 333 1036 Ego
347 969 445 1019 autern
459 977 527 1018 cum
540 959 639 1018 multis
654 960 690 1018 de
705 961 799 1018 causis
814 968 842 1017 te
857 968 965 1035 exopto
980 979 1070 1036 quam

122 1063 252 1140 primum
273 1059 379 1130 videre,
401 1067 463 1117 tum
484 1059 579 1128 etiam,
600 1067 633 1116 ut
654 1067 720 1115 ante
745 1066 976 1116 commentemur
996 1059 1071 1116 inter

123 1177 190 1232 nos,
204 1177 264 1236 qua
276 1158 388 1216 ratione
402 1157 489 1215 nobis
503 1155 714 1214 traducendum
731 1155 837 1214 sithoc
851 1165 974 1232 tempus,
990 1156 1071 1233 quod

123 1268 171 1317 est
190 1267 286 1316 totum
307 1254 345 1313 ad
358 1255 443 1312 unius
457 1253 635 1312 voluntatem
656 1253 939 1312 accommodandum
960 1263 989 1312 et
1003 1273 1071 1330 pru·

124 1356 223 1417 dentis
235 1364 265 1413 et
278 1353 402 1412 liberalis
415 1362 451 1423 et,
466 1361 498 1410 ut
512 1352 695 1428 perspexisse
703 1353 810 1424 videor,
826 1371 881 1411 nec
895 1373 913 1410 a
926 1370 974 1410 me
986 1352 1070 1410 alieni

123 1463 155 1513 et
167 1453 222 1512 tibi
235 1449 409 1511 amicissimi.
451 1449 541 1520 Quod
561 1468 628 1508 cum
649 1451 688 1508 ita
706 1451 750 1522 sit,
765 1469 890 1526 magnae
909 1459 1006 1509 tamen
1027 1462 1071 1510 est

123 1551 349 1622 deliberationis,
367 1568 441 1627 quae
462 1549 536 1608 ratio
557 1549 593 1608 sit
614 1549 741 1608 ineunda
765 1551 859 1621 nobis,
881 1567 942 1606 non
965 1548 1071 1623 agendi

122 1649 243 1727 aliquid,
257 1649 310 1709 sed
323 1649 397 1706 illius
415 1665 557 1706 concessu
571 1657 600 1706 et
613 1649 755 1707 beneficio
770 1647 944 1725 quiescendi.
987 1645 1071 1707 Vale.

318 1809 384 1863 100.
425 1804 483 1862 AD
504 1803 755 1863 FAMILIARES
777 1803 830 1864 Vl.
854 1823 881 1864 2.

269 1919 335 1980 Scn.
356 1920 498 1978 Asaunau
519 1939 613 1980 unusu
634 1919 740 1979 Arium
760 1940 842 1981 nuc.
867 1934 934 1997 709.

354 2044 385 2085 u.
407 2044 510 2086 cronno
530 2045 552 2084 s.
574 2047 602 2085 1).
625 2046 651 2086 a
674 2043 842 2094 nonnunao.

168 2158 195 2200 1.
216 2140 298 2200 Puro
319 2158 337 2198 a
357 2149 386 2198 te
407 2159 445 2199 ne
465 2158 513 2198 me
534 2150 619 2216 putes
640 2141 787 2199 oblivione
806 2141 847 2199 tui
871 2142 962 2200 rarius
982 2141 1020 2200 ad
1041 2151 1069 2200 te

123 2239 258 2308 scribere,
272 2255 361 2314 quam
381 2238 519 2309 solebam,
535 2239 586 2296 sed
600 2248 649 2296 aut
667 2240 804 2314 gravitate
818 2239 997 2311 valetudinis,
1012 2259 1070 2316 qua

123 2348 224 2397 tamen
239 2335 297 2393 iam
310 2335 429 2411 paulum
443 2335 542 2394 videor
555 2337 649 2407 levari,
665 2348 714 2394 aut
728 2337 809 2412 quod
826 2338 919 2396 absim
938 2338 975 2395 ab
989 2338 1069 2407 urbe,

124 2441 166 2505 ut,
188 2433 238 2510 qui
260 2431 298 2490 ad
322 2441 351 2490 te
373 2432 601 2508 proficiscantur,
623 2433 695 2492 scire
720 2452 781 2493 non
802 2435 932 2510 possim;
960 2453 1018 2510 qua
1038 2452 1070 2493 re

123 2530 211 2589 velim
224 2531 264 2588 ita
277 2538 414 2587 statutum
429 2529 547 2601 habeas,
562 2549 609 2589 me
624 2532 664 2589 tui
678 2532 850 2589 memoriam
869 2550 936 2590 cum
955 2550 1071 2590 summa

124 2627 328 2688 benevolentia
348 2638 447 2686 tenere
468 2638 590 2704 tuasque
609 2646 713 2687 omnes
730 2647 776 2687 res
797 2647 858 2687 non
877 2630 981 2687 minori
1000 2631 1071 2689 mihi

124 2743 212 2785 curae
226 2743 315 2801 quarn
329 2743 411 2784 meas
424 2744 498 2784 esse.
542 2746 567 2784 a.
591 2725 681 2797 Quod
694 2727 804 2785 maiore
819 2727 848 2784 in
860 2728 994 2785 varietate
1007 2746 1070 2785 ver·

124 2835 190 2887 sata
208 2835 253 2881 est
266 2823 361 2881 adhuc
375 2831 425 2881 tua
443 2842 540 2896 causa,
555 2842 643 2901 quam
658 2824 791 2882 homines
810 2833 859 2881 aut
873 2824 1007 2882 volebant
1021 2834 1072 2883 aut

123 2920 330 2998 opinabantur,
355 2920 425 2979 mihi
450 2923 543 2991 crede,
569 2940 631 2980 non
655 2932 699 2980 est
723 2940 777 2999 pro
798 2922 881 2980 malis
905 2931 1069 2998 temporum

125 3019 206 3096 quod
227 3019 348 3077 moleste
370 3019 467 3094 feras,
489 3039 610 3079 necesse
631 3031 676 3080 est
699 3023 777 3079 enim
799 3029 848 3078 aut
868 3022 955 3079 armis
976 3025 1071 3098 urgeri

125 3134 188 3176 rem
216 3116 363 3193 publicam
391 3118 573 3193 sempiternis
601 3129 650 3176 ant
677 3119 723 3176 his
747 3119 849 3194 positis
877 3120 997 3176 recreari
1021 3120 1073 3179 ali-

126 3214 246 3292 quando
264 3225 314 3272 aut
328 3214 455 3273 funditus
470 3216 593 3274 interire.
637 3215 667 3274 Si
681 3235 762 3274 arma
776 3214 920 3288 valebunt,
935 3235 990 3276 nec
1011 3237 1073 3291 eos,

127 3313 268 3388 aquibus
285 3313 438 3388 recipieris,
454 3314 543 3372 vereri
564 3314 653 3373 debes
673 3333 728 3374 nec
749 3331 809 3383 eoS,
827 3332 902 3389 quos
924 3315 1073 3389 adiuvisti;

129 3412 260 3477 sianms
279 3420 328 3471 aut
349 3413 522 3472 condicione
537 3414 639 3491 positis
660 3424 710 3473 aut
731 3413 936 3491 defatigau'one
957 3415 1075 3478 abiectis
