2392 3848
118 220 181 272 ,ω
322 266 326 274 Α
368 213 436 272 u.
460 191 580 266 rurrrr
602 215 793 266 crorxoxm
894 202 1037 288 [ran

116 366 224 427 faceret
237 381 266 426 et
280 384 368 443 quam
382 386 468 426 suum
482 368 570 426 talem
584 385 654 444 erga
672 386 721 427 me
739 366 872 426 animum
885 364 936 424 tihi
949 373 1041 442 gratum

117 475 229 542 putaret
243 464 304 522 fore
314 485 322 536 ;
345 466 426 524 cuius
440 466 543 527 officia
560 466 731 525 iucundiora
751 464 861 524 scilicet
881 481 969 540 saepe
987 461 1043 521 mibi

117 562 240 633 fuerunt,
252 581 412 638 numquam
425 573 523 622 tamen
538 565 669 640 gratiora
714 561 767 622 Me
780 572 880 621 autem
894 578 957 621 non
970 559 1045 618 oratio

117 670 167 719 tua
187 660 283 719 solum
303 671 332 718 et
351 661 475 719 societas
489 678 583 737 paene
601 660 797 736 aegritudinis,
811 659 866 718 sed
886 659 975 717 etiam
993 675 1047 716 auc·

119 758 219 816 toritas
247 758 431 830 consolatur;
461 768 544 835 turpe
569 760 648 817 enim
675 775 740 816 esse
767 757 916 816 existimo>
932 774 980 815 me
1001 771 1050 813 nou

119 858 159 914 ita
182 856 256 914 serre
284 875 385 915 casum
413 875 521 928 meum,
545 867 577 916 ut
603 868 643 930 tu,
667 857 717 916 tali
742 856 885 932 sapientia
909 853 1050 932 praeditus,

119 952 272 1012 ferendum
292 964 383 1029 putas.
429 953 487 1012 Sed
509 955 660 1030 opprimor
680 954 826 1012 interdum
845 963 876 1011 et
896 952 944 1010 vix
964 953 1052 1010 resisto

119 1051 220 1122 dolori,
235 1052 315 1127 quod
330 1070 364 1110 ea
378 1070 426 1109 me
441 1051 549 1110 solacia
563 1052 708 1122 deficiunt,
723 1069 798 1126 quae
814 1049 927 1120 ceteris,
942 1065 1053 1126 quorum

119 1148 190 1206 mihi
211 1147 346 1224 exempla
365 1166 509 1224 propono,
530 1149 614 1206 simili
634 1149 665 1206 in
686 1147 801 1207 fortuna
821 1164 884 1206 non
905 1147 1053 1206 defuerunt.

120 1245 199 1303 Nam
213 1254 242 1302 et
256 1244 293 1315 Q.
306 1244 462 1315 Maximus,
474 1246 524 1320 qui
539 1245 629 1303 filium
643 1244 835 1315 consularem,
847 1244 961 1302 clarum
974 1244 1055 1301 virum

120 1352 149 1401 et
171 1342 285 1417 magnis
310 1344 396 1401 rebus
423 1344 520 1418 gestiS,
546 1343 648 1413 amisit,
675 1352 703 1400 et
727 1341 761 1400 L.
786 1341 904 1412 PauluS,
929 1340 980 1418 qui
1006 1341 1056 1399 duo

121 1450 233 1516 septem
255 1440 366 1511 diebus,
384 1449 414 1499 et
433 1450 527 1499 vester
549 1439 649 1500 Gallus
670 1449 699 1498 et
719 1439 761 1498 M.
778 1437 862 1510 Cato,
877 1439 930 1516 qui
949 1455 1055 1498 summo

120 1539 249 1614 ingenio,
274 1556 389 1596 summa
414 1539 518 1597 virtute
545 1539 636 1597 filium
663 1538 796 1614 perdidit,
823 1538 859 1595 iis
886 1537 1056 1613 temporibus

60 1642 63 1646 '
121 1637 243 1707 fuerunt,
265 1647 297 1694 ut
318 1654 419 1695 eorum
440 1637 549 1695 luctum
569 1637 700 1712 ipsorum
721 1635 846 1710 dignitas
867 1635 1056 1694 consolaretur

121 1755 165 1806 ea,
181 1753 269 1812 quam
289 1753 325 1792 ex
342 1736 505 1810 republica
522 1736 783 1810 consequebantur.
827 1752 853 1791 a.
876 1732 952 1791 Mihi
971 1744 1055 1792 autem

121 1834 235 1893 amissis
256 1833 434 1891 ornamentis
455 1833 497 1901 iis,
520 1851 595 1908 quae
615 1832 678 1908 ipse
699 1849 914 1890 commemoras
936 1847 1055 1908 quaeque

122 1950 203 1990 eram
229 1930 363 1987 maximis
387 1930 534 1988 laboribus
560 1929 692 2006 adeptus,
716 1947 810 1987 unum
836 1930 976 1988 manebat
997 1927 1055 1986 illud

123 2029 272 2099 solacium,
297 2027 377 2103 quod
401 2037 533 2103 ereptum
556 2037 607 2087 est.
649 2027 721 2086 Non
748 2028 910 2086 amicorum
934 2027 1054 2104 negotiis,

122 2145 184 2185 non
202 2127 243 2184 rei
257 2125 389 2201 publicae
403 2127 605 2201 procuratione
625 2125 856 2202 impediebantur
875 2127 1054 2201 cogitationes

122 2242 221 2296 meae;
244 2223 314 2281 nihil
334 2225 364 2281 in
384 2223 449 2282 foro
470 2242 556 2298 agere
577 2223 702 2296 libebat;
724 2224 855 2300 aspicere
876 2225 986 2282 curiam
1004 2238 1054 2280 non

123 2332 254 2399 poteram
266 2344 273 2394 ;
298 2321 508 2392 existimabam,
524 2322 554 2380 id
568 2321 648 2398 quod
662 2331 730 2392 erat,
744 2340 849 2381 omnes
864 2340 912 2380 me
927 2331 957 2381 et
969 2321 1053 2380 indus·

123 2421 193 2478 triae
220 2437 303 2477 meae
331 2418 440 2477 fructus
468 2428 496 2477 et
524 2420 655 2478 fortunae
683 2419 852 2496 perdidisse.
904 2419 973 2492 Sed,
998 2433 1054 2477 cum

125 2519 282 2594 cogitarem
296 2517 367 2575 haec
384 2517 454 2575 mihi
470 2528 566 2575 tecum
585 2528 614 2576 et
628 2536 696 2576 cum
709 2517 884 2594 quibusdam
903 2508 968 2576 esse
986 2533 1054 2576 com·

123 2617 231 2686 munia,
253 2625 281 2673 et
304 2633 372 2673 cum
393 2614 558 2690 frangerem
581 2617 640 2673 iam
664 2616 727 2692 ipse
747 2633 796 2674 me
817 2621 843 2672 et
861 2633 998 2691 cogerem
1017 2612 1055 2670 illa

124 2715 198 2773 ferre
218 2713 380 2783 toleranter,
395 2712 539 2772 habebam
553 2732 612 2789 quo
632 2713 830 2789 confugerem,
844 2715 896 2772 ubi
913 2713 1054 2791 conquies-

124 2831 230 2882 cerem,
261 2811 343 2869 cuius
377 2812 408 2869 in
444 2829 577 2870 sermone
612 2820 640 2869 et
674 2813 812 2870 suavitate
847 2830 952 2871 omnes
985 2823 1055 2870 emas

124 2912 300 2986 doloresque
335 2909 529 2985 deponerem:
565 2927 643 2967 nunc
678 2918 774 2967 autem
805 2909 862 2967 hoc
896 2918 958 2968 tam
989 2901 1055 2986 gravi

125 3010 243 3069 volnere
268 3009 355 3066 etiam
378 3007 434 3078 illa,
460 3025 535 3084 quae
561 3009 750 3066 consanuisse
773 3007 953 3079 videbantur,
974 3022 1055 3066 recru-

125 3108 264 3178 descunt;
294 3124 356 3163 non
379 3105 465 3174 enim,
488 3115 520 3162 ut
544 3115 607 3163 tum
631 3124 679 3163 me
700 3124 718 3163 a
738 3122 769 3163 re
789 3104 905 3181 publica
925 3115 1056 3164 maestum

126 3204 231 3264 domus
252 3203 422 3278 excipiebat,
437 3220 512 3277 quae
532 3202 646 3272 levaret,
664 3203 705 3261 sic
726 3221 805 3261 nunc
825 3202 917 3263 domo
937 3213 1056 3262 maerens

126 3302 165 3361 ad
186 3318 247 3358 rem
271 3300 418 3375 publicam
446 3300 604 3375 confugere
628 3318 758 3376 possum,
782 3309 815 3359 ut
842 3302 872 3359 in
900 3302 963 3361 eius
984 3297 1055 3358 bonis

125 3399 318 3483 acquiescam.
360 3397 463 3480 ltatpre
483 3408 511 3456 e*
532 3397 622 3458 domo
643 3399 747 3458 absum
768 3408 800 3476 et,
817 3399 891 3474 foro,
909 3400 993 3479 quod
1009 3408 1055 3456 nec

1089 40 1093 189 l
