2392 3848
122 184 164 254 32
390 181 429 233 rr.
455 182 573 231 rorrrr
595 183 785 234 cronnonrr
835 227 837 230 Α
975 169 1078 263 [rma

122 338 254 415 Capuam
268 339 306 398 ad
321 338 494 417 Pompeium
513 342 608 402 volare
629 342 806 402 dicebantur.
849 341 1079 407 Inimici'erant

121 438 273 513 equitibus,
289 438 338 514 qui
350 438 468 498 Curioni
484 450 591 500 stantes
606 440 782 517 plauserant,
796 439 899 500 hostes
916 447 1077 519 omnibus;

122 533 247 593 Rosciae
263 535 329 612 legi,
348 537 434 595 etiam
453 537 665 608 frumentariae,
683 539 908 599 minitabantur:
933 559 1014 602 sane
1035 562 1076 602 res

120 643 182 691 erat
201 635 375 711 perturbata.
415 635 560 712 Equidem
580 635 747 705 malueram,
765 636 844 710 quod
866 648 932 696 erat
955 658 1076 718 suscep·

121 740 182 787 tum
203 732 324 803 abillis,
346 733 460 790 silentio
481 734 601 802 transiri,
629 734 681 791 sed
700 751 800 791 vereor
822 753 859 791 ne
882 753 948 794 non
973 737 1075 798 liceat:

120 845 181 885 non
203 828 297 887 ferunt
318 829 460 900 homines,
479 831 558 906 quod
575 830 686 888 videtur
703 849 767 888 esse
785 840 884 889 tamen
904 833 1073 895 ferendum.

121 925 179 984 Sed
200 938 243 985 est
264 928 321 984 iam
338 946 397 984 una
413 945 470 984 vox
489 928 628 998 omniurn,
643 929 737 1004 magis
758 929 828 986 odio
845 929 967 990 firmata
986 951 1075 1010 quam

119 1025 272 1101 praesidio,
329 1043 356 1097 4.
384 1024 491 1083 Noster
522 1035 619 1083 autem
653 1025 773 1084 Publius
805 1025 876 1084 mihi
892 1029 1073 1103 minitanu,

118 1121 251 1180 inimicus
273 1132 333 1193 est;
362 1123 511 1199 impendet
531 1124 691 1198 negotium,
720 1123 758 1181 ad
786 1123 866 1199 quod
895 1133 929 1183 tu
960 1129 1076 1190 scilicet

119 1220 274 1278 advolabis.
319 1220 429 1278 Videor
442 1220 512 1278 mihi
532 1231 664 1279 nostrum
682 1221 761 1278 illum
779 1221 974 1283 consularem
991 1245 1074 1286 exer·

119 1318 207 1375 citum
228 1319 373 1376 bonorum
394 1319 534 1383 omnium,
563 1321 650 1376 etiam
678 1320 746 1377 satis
774 1319 932 1393 bonorum,
960 1322 1074 1386 habere

118 1414 322 1472 firmissimum.
364 1414 522 1490 Pompeius
541 1417 682 1490 significat
700 1416 826 1475 studium
845 1435 917 1494 erga
936 1437 992 1480 me
1014 1441 1073 1482 non

118 1512 265 1570 mediocre
275 1532 283 1585 ;
305 1514 383 1570 idem
402 1513 534 1570 adfirmat
555 1516 675 1571 verbum
696 1515 732 1572 de
749 1533 797 1573 me
816 1515 898 1572 illum
918 1535 989 1577 non
1011 1540 1073 1581 esse

118 1609 279 1682 facturum;
301 1612 332 1668 in
361 1628 420 1686 quo
449 1629 511 1669 non
536 1631 583 1670 me
609 1612 654 1671 ille
678 1611 756 1681 fallit,
782 1613 833 1671 sed
858 1613 924 1688 ipse
946 1615 1071 1679 fallitur.

118 1707 266 1767 Cosconio
288 1718 402 1766 mortuo
429 1727 493 1767 sum
514 1710 624 1767 ineius
649 1709 746 1767 locum
769 1709 925 1770 invitatus:
947 1713 986 1773 id
1014 1728 1073 1776 erat

117 1808 211 1871 vocari
227 1808 257 1865 in
277 1807 374 1865 locum
396 1809 501 1865 mortui
512 1827 520 1878 ;
543 1808 612 1864 nihil
629 1826 676 1865 me
695 1807 804 1882 turpius
825 1808 905 1882 apud
926 1808 1071 1874 homines

117 1903 225 1976 fuisset,
247 1922 342 1980 neque
363 1922 430 1962 vero
450 1905 487 1961 ad
506 1905 591 1962 istam
616 1905 710 1979 ipsam
734 1905 880 1976 ἀσφαἊειαν
904 1906 1072 1987 quicquam

117 2001 256 2073 alienius;
279 2011 345 2059 sunt
367 2002 443 2059 enim
465 2002 504 2059 illi
523 2002 600 2077 apud
626 2003 721 2059 bonos
744 2000 883 2071 invidiosi,
907 2020 970 2079 ego
992 2007 1072 2084 apud

116 2099 267 2174 improbos
287 2117 383 2156 meam
404 2099 586 2156 retinuissem
610 2099 755 2168 invidiam,
777 2099 900 2157 alienam
922 2101 1070 2183 adsump-

57 2196 61 2201 ’
116 2197 228 2256 sissem.
272 2210 298 2270 5.
321 2196 428 2256 Caesar
442 2215 488 2254 me
504 2197 557 2254 sibi
570 2196 629 2253 volt
644 2215 707 2254 esse
722 2196 856 2272 legatum.
899 2195 1072 2280 Honestior

116 2294 268 2352 declinatio
301 2295 372 2352 haec
405 2294 541 2371 periculi;
579 2294 631 2352 sed
659 2313 714 2369 ego
745 2294 801 2352 hoc
834 2312 896 2352 non
929 2301 1069 2376 repudio

117 2391 197 2464 Quid
232 2410 302 2468 ergo
335 2393 400 2451 est?
436 2391 570 2466 Pugnare
603 2392 689 2449 malo.
732 2391 812 2449 Nihil
846 2401 947 2452 tamen
987 2399 1070 2457 certi

116 2490 224 2550 Iterum
244 2492 318 2562 dico,
338 2491 449 2549 utinam
466 2491 602 2548 adesses!
625 2489 676 2547 sed
691 2499 796 2560 tamen,
817 2490 840 2547 si
858 2491 911 2546 erit
932 2510 1070 2567 necesse,

118 2607 305 2648 arcessemus
335 2587 415 2660 Quid
430 2587 526 2667 aliud?
541 2587 630 2663 quid?
659 2587 728 2645 Hoc
742 2586 861 2662 opinor:
876 2589 949 2646 certi
961 2608 1071 2653 sumus

116 2689 224 2766 perisse
246 2687 361 2758 omnia;
384 2686 454 2762 quid
475 2687 552 2744 enim
574 2688 723 2757 ἀκκιζόμεθα
743 2695 803 2742 tam
823 2684 893 2743 diu?
916 2687 972 2745 sed
993 2688 1071 2751 haec

119 2788 217 2863 scripsi
242 2802 401 2861 properans
425 2794 455 2842 et
478 2784 641 2842 mehercule
666 2783 773 2841 timide.
819 2781 948 2842 Posthac
973 2788 1019 2847 ad
1044 2800 1070 2848 te

117 2895 173 2957 aut,
189 2884 213 2942 si
227 2883 394 2960 perfidelem
414 2883 538 2954 habebo,
555 2883 601 2940 cui
619 2882 693 2952 dem,
712 2880 835 2939 scribam
850 2880 937 2956 plane
952 2887 1070 2956 omnia,

116 2992 172 3056 aut,
199 2983 227 3040 si
255 2983 376 3040 obscure
405 2981 538 3050 scribam,
566 2990 598 3038 tu
628 2991 726 3038 tamen
754 2977 910 3053 intelleges
962 2979 1006 3040 In
1036 2985 1071 3045 iis

117 3081 245 3156 epistolis
269 3098 316 3137 me
341 3076 480 3149 Laelium,
506 3087 534 3135 te
558 3078 677 3135 Furium
701 3076 822 3147 laciam;
856 3085 953 3135 cetera
978 3090 1071 3143 erunt

117 3170 143 3235 ε”ν
166 3182 297 3253 αἰνιγμοῖς.
338 3176 398 3235 Hic
422 3175 580 3234 Caecilium
596 3175 718 3233 colimus
740 3184 768 3233 et
787 3176 980 3234 observamus
1004 3180 1070 3241 dili.

115 3286 226 3354 genter.
278 3274 381 3334 Edicta
409 3273 503 3332 Bibuli
532 3273 619 3332 audio
647 3271 691 3331 ad'
712 3281 740 3332 te
769 3272 875 3332 missa:
910 3270 947 3332 iis
981 3277 1072 3341 ardet

116 3373 216 3435 dolore
238 3384 267 3432 et
287 3375 328 3433 ira
349 3381 447 3433 noster
468 3370 634 3449 Pompeius.
