2392 3848
124 198 287 283 rasere]
310 210 424 263 rrrsr.
446 212 496 261 Aa
516 211 683 263 Arrrcurr
704 212 779 261 rrrr.
805 217 844 266 12
865 212 898 261 o.
1008 218 1067 287 13¹

122 368 244 445 negotia
256 369 338 428 tueri.
378 367 456 428 Cum
476 388 513 429 eo
528 371 680 442 venissem,
695 371 754 430 vidi
768 369 805 429 T.
820 370 961 447 Ampium
982 370 1070 430 dilec-

122 474 186 525 tum
212 466 321 525 habere
352 466 579 543 diligentissime,
611 469 650 526 ab
685 485 722 527 eo
757 468 888 543 accipere
916 468 1071 538 Libonem,

122 580 241 623 summa
257 565 327 623 item
346 565 494 640 diligentia
510 576 539 625 et
552 567 583 624 in
596 565 644 624 illa
660 566 777 625 colonia
797 567 973 625 auctoritate.
1015 566 1071 625 Fui

122 660 255 738 Capuae,
268 664 367 740 quoad
380 664 523 722 consules.
565 662 682 735 Iterum,
697 673 729 721 ut
744 673 805 721 erat
818 664 946 722 edictum
964 682 982 721 a
998 681 1070 723 con-

122 760 245 833 sulibus,
258 761 324 820 veni
345 760 479 837 Capuam
499 761 538 821 ad
553 759 656 820 Nonas
677 760 813 819 Februar.
855 761 932 820 Cum
951 761 1071 820 fuissem

121 857 261 930 triduum,
274 859 370 935 recepi
384 876 432 918 me
446 858 589 917 Formias.
630 877 658 934 3.
679 857 776 931 Nunc,
792 858 872 934 quod
892 870 976 917 tuum
997 876 1069 917 con-

122 955 221 1015 silium
241 968 290 1016 aut
303 975 379 1033 quae
398 957 471 1014 ratio
492 956 557 1014 belli
579 956 624 1027 sit,
638 959 760 1031 ignoro:
782 957 806 1014 si
821 957 978 1014 tenendam
993 956 1071 1016 hanc

122 1070 208 1115 oram
227 1065 321 1131 putas,
335 1074 410 1132 quae
428 1066 457 1115 et
478 1055 726 1131 opportunitatem
744 1063 772 1111 et
792 1054 961 1129 dignitatem
981 1053 1070 1113 babet

123 1160 154 1211 et
173 1152 308 1228 egregios
329 1153 413 1224 cives,
428 1162 467 1223 et,
486 1160 519 1208 ut
539 1151 668 1221 arbitror,
689 1149 781 1208 teneri
802 1160 907 1226 potest,
930 1168 1004 1227 opus
1025 1161 1069 1210 est

123 1264 191 1306 esse
204 1249 256 1325 qui
269 1250 376 1325 praesit
382 1268 391 1321 3
413 1248 459 1306 sin
479 1248 579 1305 omnia
597 1264 689 1304 unum
709 1247 852 1305 inlocum
873 1247 1070 1307 contrahenda

123 1355 202 1418 sunt,
217 1363 280 1404 non
292 1345 393 1405 dubito
407 1345 479 1422 quiu
492 1344 531 1403 ad
545 1354 574 1403 te
591 1343 688 1402 statim
702 1344 826 1414 veniam,
841 1361 901 1420 quo
916 1344 986 1403 mihi
1000 1345 1069 1403 nihil

123 1443 253 1519 optatius
273 1454 324 1514 est,
338 1442 426 1518 idque
448 1451 552 1514 tecum,
573 1459 632 1518 quo
656 1440 702 1499 die
723 1441 760 1498 ab
782 1442 852 1499 urbe
874 1441 1068 1515 discessimus,

123 1537 240 1598 locutus
261 1558 335 1599 sum.
375 1539 453 1616 Eg0,
474 1540 499 1598 si
523 1539 570 1598 cui
594 1538 690 1597 adhuc
713 1537 813 1596 videor
835 1540 952 1615 segnior
971 1540 1069 1615 fuisse,

123 1634 197 1695 dum
216 1654 255 1696 ne
274 1637 326 1696 tibi
347 1637 452 1709 videar,
473 1655 535 1696 non
556 1637 667 1707 laboro,
689 1645 719 1694 et
741 1645 847 1708 tamen,
869 1637 901 1707 si,
922 1646 954 1695 ut
974 1638 1068 1709 video,

123 1733 234 1793 bellum
255 1734 416 1811 gerendum
438 1745 491 1807 est,
516 1735 634 1794 confido
659 1751 707 1791 me
731 1733 868 1792 omuibus
892 1734 975 1794 facile
999 1737 1068 1796 satis

122 1828 279 1891 factunm.
321 1850 349 1904 4.
373 1830 416 1890 M.
437 1831 574 1902 Tullium,
608 1849 709 1889 meum
737 1832 941 1903 necessarium,
971 1832 1009 1892 ad
1040 1843 1068 1894 te

121 1930 202 2001 misI,
215 1929 263 1991 cui
276 1940 316 2002 tu,
330 1931 355 1990 si
369 1931 419 1989 tibi
433 1931 584 2000 videretur,
600 1930 638 1988 ad
651 1947 699 1987 me
713 1929 821 1988 litteras
836 1929 928 1989 dares.

302 2092 350 2147 51.
390 2087 449 2147 AD
469 2086 663 2146 ATTICUM
684 2086 770 2146 VIII.
795 2106 830 2146 12
853 2087 891 2146 D.

162 2200 230 2263 Sca.
251 2201 402 2262 Lucanum
422 2223 450 2261 A·
471 2221 499 2261 n.
520 2221 580 2260 xm.
601 2201 678 2261 Kar.
699 2201 837 2262 Maurus
858 2223 940 2264 nuc.
964 2220 979 2281 7
1005 2220 1031 2280 5.

226 2326 272 2369 cu.
291 2328 407 2369 uacuus
427 2328 541 2370 rnocos.
561 2328 584 2368 s.
603 2328 631 2368 o.
652 2329 680 2369 u.
701 2328 823 2370 oomrro
843 2329 957 2371 raucos,

167 2442 195 2485 r.
219 2422 372 2483 huruuua
393 2423 464 2482 mihi
485 2441 504 2482 a
527 2432 556 2482 te
578 2423 705 2483 redditae
728 2434 795 2483 sunt
818 2444 844 2484 a.
866 2426 894 2484 d.
916 2446 976 2484 xm.
998 2426 1065 2486 Kal.

122 2522 256 2588 Martias,
282 2523 314 2581 in
344 2522 447 2597 quibus
482 2522 581 2580 scribis
609 2521 765 2581 Caesarem
799 2523 877 2599 apud
905 2524 1068 2583 Corfinium

122 2630 221 2681 casua
233 2620 373 2696 posuisse.
415 2619 505 2692 Quod
519 2621 616 2697 putavi
634 2630 662 2678 et
679 2622 849 2697 praemonui
863 2621 903 2692 lit,
917 2634 949 2680 ut
967 2641 1021 2682 nec
1036 2624 1067 2682 in

121 2718 289 2795 praesentia
311 2719 493 2776 committere
514 2727 610 2775 tecum
632 2718 772 2792 proellum
793 2717 859 2776 velit
880 2729 910 2778 et
930 2722 1067 2780 omuibus

122 2816 218 2893 oopiis
233 2814 383 2874 conductis
398 2825 424 2873 te
438 2815 572 2892 impIIcet,
587 2833 624 2873 ne
639 2814 676 2872 ad
691 2833 739 2874 me
756 2815 808 2873 iter
826 2817 878 2875 tibi
899 2820 1067 2894 expeditum

122 2915 162 2973 sit
182 2924 270 2989 atque
283 2913 353 2972 istas
367 2915 467 2990 copias
481 2915 656 2989 coniungere
671 2914 849 2989 optimorum
870 2916 976 2974 civium
997 2935 1067 2993 pos·

122 3012 165 3071 sis
186 3030 254 3071 cum
274 3010 308 3071 ils
326 3011 496 3087 legionibus,
518 3012 555 3070 de
573 3030 697 3088 quarum
717 3011 864 3070 voluntate
884 3012 1065 3075 dubitamus:

122 3127 186 3187 quo
212 3109 300 3169 etiam
326 3111 420 3186 magis
447 3111 503 3169 tuis
531 3111 629 3169 litteris
658 3128 724 3169 sum
753 3121 916 3169 commotus
927 3130 936 3184 ;
971 3131 1068 3190 neque

121 3208 204 3269 enim
217 3224 318 3267 eorum
339 3208 468 3279 militum,
483 3227 557 3284 quos
577 3227 694 3267 mecum
711 3208 976 3280 habeo,v01untate
997 3212 1067 3271 satis

122 3305 252 3377 conlido,
265 3314 297 3364 ut
313 3306 350 3365 de
369 3306 504 3366 omnibus
518 3306 639 3367 fortunis
653 3308 694 3366 rei
708 3308 839 3383 publicae
857 3308 1000 3380 dImicem,
1016 3327 1068 3368 ne-

122 3422 182 3483 que
202 3404 298 3474 etiam,
312 3404 363 3483 qui
383 3423 420 3465 ex
435 3404 584 3465 dilectibus
603 3406 759 3485 conscripti
778 3416 845 3467 sunt
857 3426 877 3465 a
891 3408 1064 3480 consulibus,

568 3522 620 3564 rra
