2392 3848
116 218 157 283 ap.
171 202 229 291 μ]
315 215 427 267 uersu.
449 214 499 266 aa
518 215 741 267 bauramites
765 217 811 268 vr.
833 205 864 269 6.
997 217 1058 288 197

115 367 222 446 quibus
241 367 289 427 ille
310 367 334 426 si
353 367 504 445 paruisset,
519 378 595 427 esset
614 367 661 427 hic
682 368 801 446 q'uidem
821 368 915 427 clarus
934 366 966 426 in
989 378 1060 443 toga

115 475 144 527 et
163 466 310 545 princeps
331 465 384 525 sed
403 476 498 526 tantas
519 485 598 543 opes,
621 477 744 542 quantas
772 485 850 525 nunc
877 466 973 536 habet,
997 484 1060 524 non

112 563 249 624 haberet:
271 564 400 623 eundum
418 566 450 623 in
469 565 643 641 Hispaniam
658 566 776 637 censui;
798 565 878 642 quod
896 566 919 623 si
935 564 1058 636 fecisset,

112 662 196 723 civile
219 662 327 721 bellum
348 662 460 721 nullum
484 664 605 721 omnino
629 663 738 722 fuisset.
781 664 938 722 Rationem
960 663 1060 721 haberi

112 760 245 819 absentis
265 770 407 819 nontam
427 761 554 836 pugnavi
574 773 607 820 ut
627 762 732 834 liceret,
752 779 840 837 quam
861 770 900 831 ut,
920 760 1060 837 quoniam

112 858 182 935 ipso
196 857 316 917 consule
329 867 479 933 pugnante
493 858 619 934 populus
633 860 761 929 iusserat,
772 860 930 917 haberetur.
962 858 1060 918 Causa

111 967 182 1017 orta
201 957 269 1016 belli
288 967 350 1016 est:
375 957 445 1032 quid
466 975 522 1032 ego
543 958 721 1033 praetermisi
742 966 791 1015 aut
811 958 989 1016 monitorum
1010 967 1061 1016 aut

111 1055 315 1133 querelarum!
337 1073 404 1114 cum
415 1055 460 1114 vel
473 1055 682 1130 iniquissimam
695 1075 799 1132 pacem
813 1056 968 1114 iustissimo
982 1055 1060 1114 bello

111 1152 297 1215 anteferrem.
334 1154 361 1211 6.
380 1151 467 1211 Victa
480 1163 525 1211 est
537 1154 691 1212 auctoritas
705 1171 780 1224 mea,
793 1170 853 1211 non
866 1162 926 1211 tam
940 1171 959 1211 a
972 1152 1060 1210 Pom-

111 1251 296 1329 peio-nam
309 1250 334 1309 is
348 1252 648 1327 movebatur—quam
662 1252 700 1308 ab
710 1251 753 1321 iis,
765 1250 815 1326 qui
828 1250 902 1309 duce
916 1249 1059 1327 Pompeio

111 1348 182 1409 freti
201 1357 448 1426 peropportunam
470 1358 498 1406 et
516 1349 602 1406 rebus
621 1348 788 1407 domesticis
807 1358 835 1408 et
855 1347 1059 1424 cupiditatibus

112 1447 178 1509 auis
195 1447 271 1506 illius
288 1446 354 1504 belli
367 1445 515 1504 victoriam
535 1444 597 1504 fore
616 1448 764 1521 putabant.
808 1446 981 1523 Susceptum
999 1447 1059 1505 bel·

111 1545 178 1607 lum
196 1553 240 1604 est
258 1544 426 1620 quiescente
444 1562 501 1614 me,
519 1543 672 1619 depulsum
691 1563 727 1602 ex
746 1544 829 1603 Italia
847 1555 983 1602 manente
1001 1562 1059 1616 me,

112 1643 216 1721 quoad
229 1642 329 1720 potui;
351 1641 402 1700 sed
416 1641 502 1700 valuit
520 1643 598 1717 apud
612 1661 660 1700 me
679 1642 744 1720 plus
761 1643 855 1718 pudor
873 1661 956 1701 meus
970 1661 1059 1719 quam

111 1741 218 1812 timor3
242 1739 346 1797 veritus
367 1757 430 1797 sum
455 1739 556 1797 deesse
578 1739 709 1816 Pompeii
730 1740 821 1810 saluti,
846 1759 913 1799 cum
934 1741 981 1799 ille
1007 1741 1059 1799 ali-

111 1839 236 1917 quando
252 1856 313 1896 non
333 1837 470 1896 defuisset
488 1857 579 1897 meae.
620 1839 723 1916 Itaque
741 1840 786 1898 vel
805 1839 901 1898 officio
918 1840 963 1898 vel
981 1839 1059 1900 fama

111 1938 261 1999 bonorum
283 1936 327 1996 vel
352 1936 463 2012 pudore
488 1937 588 2007 victus,
613 1948 645 1997 ut
672 1938 702 1995 in
730 1937 832 1996 sabulis
856 1937 1057 2014 Amphiaraus

112 2035 158 2096 sic
179 2053 236 2111 ego
256 2034 384 2112 prudens
404 2043 432 2092 et
453 2034 547 2092 sciens
569 2035 623 2092 ‘ad
644 2045 756 2110 pestem
776 2045 842 2093 ante
861 2035 963 2094 oculos
980 2036 1059 2111 posi-

111 2133 190 2195 tam'
214 2149 279 2192 sum
303 2131 450 2209 profectus
462 2150 472 2205 3
503 2151 563 2208 quo
585 2132 616 2190 in
636 2133 712 2190 bello
733 2133 802 2190 nihil
823 2133 933 2191 adversi
956 2135 1059 2194 accidit

112 2249 178 2293 non
205 2231 391 2308 praedicente
412 2248 470 2289 me.
513 2243 539 2305 7.
562 2229 630 2301 Qua
653 2249 684 2289 re
708 2231 856 2307 quoniam,
880 2242 911 2290 ut
933 2250 1058 2308 augures

112 2340 145 2391 et
165 2328 304 2404 astrologi
325 2328 427 2398 solent,
444 2344 500 2403 ego
521 2346 639 2404 quoque
662 2347 753 2404 augur
773 2329 907 2406 publicus
927 2348 964 2388 ex
985 2332 1059 2390 meis

113 2426 313 2505 superioribus
339 2425 492 2502 praedictis
525 2426 659 2484 constitui
693 2426 771 2502 apud
798 2435 827 2484 te
859 2428 1059 2486 auctoritatem

113 2525 229 2603 augurii
248 2534 277 2582 et
298 2523 480 2582 divinationis
501 2541 593 2588 meae,
614 2523 730 2581 debebit
751 2523 858 2583 habere
879 2525 967 2583 fidem
988 2543 1057 2584 nos-

113 2632 159 2683 tra
171 2622 338 2699 praedictio.
380 2619 451 2678 Non
470 2620 556 2696 igitur
575 2638 610 2677 ex
630 2620 703 2678 alitis
722 2621 848 2679 involatu
868 2640 922 2680 nec
940 2640 956 2680 e
971 2631 1059 2681 cantu

114 2720 232 2781 sinistro
254 2719 371 2789 osciniS,
392 2728 423 2776 ut
448 2717 478 2775 in
502 2727 602 2776 nostra
623 2718 776 2794 disciplina
796 2729 848 2789 est,
869 2738 924 2778 nec
945 2739 981 2778 ex
1009 2720 1058 2777 tri·

113 2817 211 2895 pudiis
241 2816 387 2875 solistimis
420 2825 468 2874 aut
500 2817 618 2874 soniviis
646 2817 696 2874 tibi
724 2834 858 2893 auguror,
884 2818 936 2876 sed
963 2818 1057 2877 habeo

115 2916 170 2975 alia
191 2914 285 2990 signa,
306 2931 381 2990 quae
402 2914 552 2972 observem
563 2933 571 2986 ;
596 2931 671 2988 quae
692 2914 745 2971 etsi
767 2932 827 2971 non
849 2924 915 2972 sunt
936 2916 1058 2973 certiora

114 3014 177 3085 illis,
206 3013 304 3070 minus
332 3021 429 3069 tamen
457 3010 567 3069 habent
592 3013 638 3069 vel
664 3012 846 3070 obscuritatis
874 3012 918 3070 vel
946 3014 1057 3072 erroris.

117 3114 143 3171 8.
165 3109 313 3169 Notantur
340 3119 435 3167 autem
463 3108 533 3166 mihi
561 3108 599 3167 ad
627 3109 813 3167 divinandum
842 3110 925 3185 signa
952 3109 1059 3186 duplici

116 3209 244 3288 quadam
278 3207 332 3277 via,
360 3225 483 3282 quarum
517 3205 636 3264 alteram
671 3206 747 3264 duco
778 3225 795 3264 e
826 3205 951 3266 Caesare
986 3208 1059 3283 ipso,

118 3308 238 3367 alteram
258 3323 275 3363 e
296 3315 462 3379 temporum
483 3304 608 3362 civilium
632 3314 734 3362 natura
754 3313 840 3380 atque
864 3306 982 3363 ratione.
1024 3305 1061 3365 In

120 3402 246 3467 Caesare
280 3403 354 3463 haec
388 3412 472 3462 sunt:
506 3402 583 3461 mitis
615 3402 800 3481 clemensque
831 3409 941 3476 natura,
969 3405 1061 3481 qualis
