<?xml version="1.0" encoding="UTF-8"?>
<!DOCTYPE html PUBLIC "-//W3C//DTD XHTML 1.0 Transitional//EN"
    "http://www.w3.org/TR/xhtml1/DTD/xhtml1-transitional.dtd">
<html xmlns="http://www.w3.org/1999/xhtml" xml:lang="en" lang="en">
 <head>
  <title>
</title>
<meta http-equiv="Content-Type" content="text/html;charset=utf-8" />
  <meta name='ocr-system' content='tesseract 3.04.00' />
  <meta name='ocr-capabilities' content='ocr_page ocr_carea ocr_par ocr_line ocrx_word'/>
</head>
<body>
  <div class='ocr_page' id='page_1' title='image "./epistolaeselect00cicegoog/epistolaeselect00cicegoog_0263.png"; bbox 0 0 2498 3840; ppageno 0'>
   <div class='ocr_carea' id='block_1_1' title="bbox 152 209 1095 293">
    <p class='ocr_par' dir='ltr' id='par_1_1' title="bbox 152 209 1095 293">
     <span class='ocr_line' id='line_1_1' title="bbox 152 209 1095 293; baseline 0.003 -22"><span class='ocrx_word' id='word_1_1' title='bbox 152 226 197 287; x_wconf 77' lang='lat' dir='ltr'>rp.</span> <span class='ocrx_word' id='word_1_2' title='bbox 216 209 288 291; x_wconf 63' lang='lat' dir='ltr'>na]</span> <span class='ocrx_word' id='word_1_3' title='bbox 360 220 474 269; x_wconf 72' lang='lat' dir='ltr'>rrrsr.</span> <span class='ocrx_word' id='word_1_4' title='bbox 497 220 548 268; x_wconf 75' lang='lat' dir='ltr'>Ar</span> <span class='ocrx_word' id='word_1_5' title='bbox 569 220 734 270; x_wconf 72' lang='lat' dir='ltr'>Arrrcun</span> <span class='ocrx_word' id='word_1_6' title='bbox 754 221 828 270; x_wconf 72' lang='grc' dir='ltr'>Χνι.</span> <span class='ocrx_word' id='word_1_7' title='bbox 855 227 903 270; x_wconf 91' lang='lat'>11.</span> <span class='ocrx_word' id='word_1_8' title='bbox 1035 229 1095 293; x_wconf 83' lang='lat'>247</span> 
     </span>
    </p>
   </div>
   <div class='ocr_carea' id='block_1_2' title="bbox 150 369 1097 1035">
    <p class='ocr_par' dir='ltr' id='par_1_2' title="bbox 150 369 1097 1035">
     <span class='ocr_line' id='line_1_2' title="bbox 151 369 1096 446; baseline -0.001 -15"><span class='ocrx_word' id='word_1_9' title='bbox 151 372 289 431; x_wconf 86' lang='lat' dir='ltr'>Ciceroni</span> <span class='ocrx_word' id='word_1_10' title='bbox 304 371 379 442; x_wconf 88' lang='lat' dir='ltr'>filio;</span> <span class='ocrx_word' id='word_1_11' title='bbox 400 372 493 428; x_wconf 88' lang='lat' dir='ltr'>visum</span> <span class='ocrx_word' id='word_1_12' title='bbox 508 380 552 428; x_wconf 93' lang='lat' dir='ltr'>est</span> <span class='ocrx_word' id='word_1_13' title='bbox 566 387 627 427; x_wconf 90' lang='lat' dir='ltr'>non</span> <span class='ocrx_word' id='word_1_14' title='bbox 641 369 770 428; x_wconf 82' lang='grc' dir='ltr'>ἀνοίκειον.</span> <span class='ocrx_word' id='word_1_15' title='bbox 813 384 838 444; x_wconf 90' lang='lat'>5.</span> <span class='ocrx_word' id='word_1_16' title='bbox 862 371 907 429; x_wconf 90' lang='lat' dir='ltr'>De</span> <span class='ocrx_word' id='word_1_17' title='bbox 922 370 1045 446; x_wconf 66' lang='lat' dir='ltr'>Myrtilo·</span> <span class='ocrx_word' id='word_1_18' title='bbox 1055 375 1096 432; x_wconf 91' lang='lat' dir='ltr'>di-</span> 
     </span>
     <span class='ocr_line' id='line_1_3' title="bbox 150 467 1096 544; baseline 0.002 -16"><span class='ocrx_word' id='word_1_19' title='bbox 150 471 254 528; x_wconf 81' lang='lat' dir='ltr'>lucide.</span> <span class='ocrx_word' id='word_1_20' title='bbox 298 468 326 528; x_wconf 94' lang='lat' dir='ltr'>O</span> <span class='ocrx_word' id='word_1_21' title='bbox 348 468 447 544; x_wconf 89' lang='lat' dir='ltr'>quales</span> <span class='ocrx_word' id='word_1_22' title='bbox 468 479 498 526; x_wconf 92' lang='lat' dir='ltr'>tu</span> <span class='ocrx_word' id='word_1_23' title='bbox 519 486 633 543; x_wconf 86' lang='lat' dir='ltr'><strong>semper</strong></span> <span class='ocrx_word' id='word_1_24' title='bbox 650 467 738 525; x_wconf 88' lang='lat' dir='ltr'>istosl</span> <span class='ocrx_word' id='word_1_25' title='bbox 760 467 837 525; x_wconf 90' lang='lat' dir='ltr'>itane</span> <span class='ocrx_word' id='word_1_26' title='bbox 854 469 884 525; x_wconf 91' lang='lat' dir='ltr'>in</span> <span class='ocrx_word' id='word_1_27' title='bbox 903 467 940 524; x_wconf 91' lang='lat' dir='ltr'>D.</span> <span class='ocrx_word' id='word_1_28' title='bbox 956 467 1096 530; x_wconf 85' lang='lat' dir='ltr'><strong>Brutum?</strong></span> 
     </span>
     <span class='ocr_line' id='line_1_4' title="bbox 150 556 1096 642; baseline 0 -16"><span class='ocrx_word' id='word_1_29' title='bbox 150 569 181 626; x_wconf 91' lang='lat' dir='ltr'>di</span> <span class='ocrx_word' id='word_1_30' title='bbox 196 567 276 626; x_wconf 85' lang='lat' dir='ltr'>istis!</span> <span class='ocrx_word' id='word_1_31' title='bbox 318 568 345 624; x_wconf 85' lang='grc'>6.</span> <span class='ocrx_word' id='word_1_32' title='bbox 370 565 436 642; x_wconf 87' lang='lat' dir='ltr'>Ego</span> <span class='ocrx_word' id='word_1_33' title='bbox 451 585 507 636; x_wconf 92' lang='lat' dir='ltr'>me,</span> <span class='ocrx_word' id='word_1_34' title='bbox 521 576 553 622; x_wconf 90' lang='lat' dir='ltr'>ut</span> <span class='ocrx_word' id='word_1_35' title='bbox 568 566 747 640; x_wconf 86' lang='lat' dir='ltr'>scripseram,</span> <span class='ocrx_word' id='word_1_36' title='bbox 762 565 792 621; x_wconf 91' lang='lat' dir='ltr'>in</span> <span class='ocrx_word' id='word_1_37' title='bbox 807 556 1021 639; x_wconf 89' lang='lat' dir='ltr'>Pompeianum</span> <span class='ocrx_word' id='word_1_38' title='bbox 1035 586 1096 626; x_wconf 94' lang='lat' dir='ltr'>non</span> 
     </span>
     <span class='ocr_line' id='line_1_5' title="bbox 150 661 1096 740; baseline 0.002 -18"><span class='ocrx_word' id='word_1_39' title='bbox 150 666 259 734; x_wconf 89' lang='lat' dir='ltr'>abdidi,</span> <span class='ocrx_word' id='word_1_40' title='bbox 281 664 376 740; x_wconf 88' lang='lat' dir='ltr'>primo</span> <span class='ocrx_word' id='word_1_41' title='bbox 397 663 625 739; x_wconf 85' lang='lat' dir='ltr'>tempestatibus,</span> <span class='ocrx_word' id='word_1_42' title='bbox 647 663 752 737; x_wconf 88' lang='lat' dir='ltr'>quibus</span> <span class='ocrx_word' id='word_1_43' title='bbox 773 661 814 718; x_wconf 90' lang='lat' dir='ltr'>nil</span> <span class='ocrx_word' id='word_1_44' title='bbox 832 663 965 733; x_wconf 90' lang='lat' dir='ltr'>taetrius;</span> <span class='ocrx_word' id='word_1_45' title='bbox 991 663 1096 725; x_wconf 89' lang='lat' dir='ltr'>deinde</span> 
     </span>
     <span class='ocr_line' id='line_1_6' title="bbox 150 761 1096 836; baseline -0.002 -16"><span class='ocrx_word' id='word_1_46' title='bbox 150 765 191 822; x_wconf 90' lang='lat' dir='ltr'>ab</span> <span class='ocrx_word' id='word_1_47' title='bbox 212 762 374 821; x_wconf 87' lang='lat' dir='ltr'>Octaviano</span> <span class='ocrx_word' id='word_1_48' title='bbox 395 762 523 836; x_wconf 86' lang='lat' dir='ltr'>quotidie</span> <span class='ocrx_word' id='word_1_49' title='bbox 544 761 661 830; x_wconf 84' lang='lat' dir='ltr'>litterae,</span> <span class='ocrx_word' id='word_1_50' title='bbox 683 769 715 817; x_wconf 93' lang='lat' dir='ltr'>ut</span> <span class='ocrx_word' id='word_1_51' title='bbox 736 761 887 834; x_wconf 88' lang='lat' dir='ltr'>negotium</span> <span class='ocrx_word' id='word_1_52' title='bbox 909 761 1096 836; x_wconf 87' lang='lat' dir='ltr'>susciperem,</span> 
     </span>
     <span class='ocr_line' id='line_1_7' title="bbox 151 857 1097 935; baseline -0.002 -16"><span class='ocrx_word' id='word_1_53' title='bbox 151 860 287 935; x_wconf 85' lang='lat' dir='ltr'>Capuam</span> <span class='ocrx_word' id='word_1_54' title='bbox 300 860 437 928; x_wconf 89' lang='lat' dir='ltr'>venirem,</span> <span class='ocrx_word' id='word_1_55' title='bbox 448 860 552 917; x_wconf 90' lang='lat' dir='ltr'>iterum</span> <span class='ocrx_word' id='word_1_56' title='bbox 565 876 627 917; x_wconf 89' lang='lat' dir='ltr'>rem</span> <span class='ocrx_word' id='word_1_57' title='bbox 640 858 789 934; x_wconf 85' lang='lat' dir='ltr'>publicam</span> <span class='ocrx_word' id='word_1_58' title='bbox 804 876 956 928; x_wconf 89' lang='lat' dir='ltr'>servarem,</span> <span class='ocrx_word' id='word_1_59' title='bbox 968 857 1097 917; x_wconf 89' lang='lat' dir='ltr'>Romam</span> 
     </span>
     <span class='ocr_line' id='line_1_8' title="bbox 150 958 371 1035; baseline -0.005 -18"><span class='ocrx_word' id='word_1_60' title='bbox 150 959 251 1035; x_wconf 86' lang='lat' dir='ltr'>utique</span> <span class='ocrx_word' id='word_1_61' title='bbox 265 958 371 1016; x_wconf 88' lang='lat' dir='ltr'>statim.</span> 
     </span>
    </p>
   </div>
   <div class='ocr_carea' id='block_1_3' title="bbox 314 1074 902 1140">
    <p class='ocr_par' dir='ltr' id='par_1_3' title="bbox 314 1074 902 1140">
     <span class='ocr_line' id='line_1_9' title="bbox 314 1074 902 1140; baseline 0.005 -15"><span class='ocrx_word' id='word_1_62' title='bbox 314 1076 424 1126; x_wconf 78' lang='grc' dir='ltr'>αἴδεσθεν</span> <span class='ocrx_word' id='word_1_63' title='bbox 435 1077 480 1138; x_wconf 74' lang='grc' dir='ltr'>μὲν</span> <span class='ocrx_word' id='word_1_64' title='bbox 491 1076 629 1138; x_wconf 79' lang='grc' dir='ltr'>ἀνήνασθαι,</span> <span class='ocrx_word' id='word_1_65' title='bbox 640 1078 722 1126; x_wconf 80' lang='grc' dir='ltr'>θεῖσαν</span> <span class='ocrx_word' id='word_1_66' title='bbox 733 1078 754 1125; x_wconf 82' lang='grc' dir='ltr'>δ’</span> <span class='ocrx_word' id='word_1_67' title='bbox 764 1074 902 1140; x_wconf 75' lang='grc' dir='ltr'>ὑποδέχθαι.</span> 
     </span>
    </p>
   </div>
   <div class='ocr_carea' id='block_1_4' title="bbox 148 1186 1096 3204">
    <p class='ocr_par' dir='ltr' id='par_1_4' title="bbox 148 1186 1096 3204">
     <span class='ocr_line' id='line_1_10' title="bbox 150 1186 1096 1264; baseline -0.005 -15"><span class='ocrx_word' id='word_1_68' title='bbox 150 1190 182 1249; x_wconf 90' lang='lat' dir='ltr'>ls</span> <span class='ocrx_word' id='word_1_69' title='bbox 200 1198 299 1247; x_wconf 88' lang='lat' dir='ltr'>tamen</span> <span class='ocrx_word' id='word_1_70' title='bbox 318 1189 376 1263; x_wconf 86' lang='lat' dir='ltr'>egit</span> <span class='ocrx_word' id='word_1_71' title='bbox 395 1206 464 1246; x_wconf 89' lang='lat' dir='ltr'>sane</span> <span class='ocrx_word' id='word_1_72' title='bbox 484 1198 599 1246; x_wconf 89' lang='lat' dir='ltr'>strenue</span> <span class='ocrx_word' id='word_1_73' title='bbox 617 1198 646 1247; x_wconf 93' lang='lat' dir='ltr'>et</span> <span class='ocrx_word' id='word_1_74' title='bbox 663 1189 739 1264; x_wconf 86' lang='lat' dir='ltr'>agit;</span> <span class='ocrx_word' id='word_1_75' title='bbox 763 1186 892 1244; x_wconf 87' lang='lat' dir='ltr'>Romam</span> <span class='ocrx_word' id='word_1_76' title='bbox 911 1187 1005 1245; x_wconf 85' lang='lat' dir='ltr'>veniet</span> <span class='ocrx_word' id='word_1_77' title='bbox 1027 1205 1096 1245; x_wconf 90' lang='lat' dir='ltr'>cum</span> 
     </span>
     <span class='ocr_line' id='line_1_11' title="bbox 150 1285 1095 1364; baseline -0.003 -20"><span class='ocrx_word' id='word_1_78' title='bbox 150 1306 241 1344; x_wconf 91' lang='lat' dir='ltr'>manu</span> <span class='ocrx_word' id='word_1_79' title='bbox 257 1304 373 1360; x_wconf 83' lang='lat' dir='ltr'>magna,</span> <span class='ocrx_word' id='word_1_80' title='bbox 390 1286 442 1343; x_wconf 90' lang='lat' dir='ltr'>sed</span> <span class='ocrx_word' id='word_1_81' title='bbox 460 1296 504 1343; x_wconf 88' lang='lat' dir='ltr'>est</span> <span class='ocrx_word' id='word_1_82' title='bbox 523 1287 609 1361; x_wconf 88' lang='lat' dir='ltr'>plane</span> <span class='ocrx_word' id='word_1_83' title='bbox 627 1303 716 1361; x_wconf 89' lang='lat' dir='ltr'>puer:</span> <span class='ocrx_word' id='word_1_84' title='bbox 737 1293 819 1364; x_wconf 91' lang='lat' dir='ltr'>putat</span> <span class='ocrx_word' id='word_1_85' title='bbox 838 1293 971 1342; x_wconf 90' lang='lat' dir='ltr'>senatum</span> <span class='ocrx_word' id='word_1_86' title='bbox 991 1285 1095 1342; x_wconf 91' lang='lat' dir='ltr'>statim.</span> 
     </span>
     <span class='ocr_line' id='line_1_12' title="bbox 151 1380 1096 1458; baseline -0.003 -16"><span class='ocrx_word' id='word_1_87' title='bbox 151 1386 227 1458; x_wconf 92' lang='lat' dir='ltr'>Quis</span> <span class='ocrx_word' id='word_1_88' title='bbox 242 1385 358 1442; x_wconf 86' lang='lat' dir='ltr'>veniet?</span> <span class='ocrx_word' id='word_1_89' title='bbox 380 1384 403 1441; x_wconf 90' lang='lat' dir='ltr'>si</span> <span class='ocrx_word' id='word_1_90' title='bbox 417 1384 534 1453; x_wconf 90' lang='lat' dir='ltr'>venerit,</span> <span class='ocrx_word' id='word_1_91' title='bbox 548 1385 614 1457; x_wconf 89' lang='lat' dir='ltr'>quis</span> <span class='ocrx_word' id='word_1_92' title='bbox 626 1384 741 1442; x_wconf 89' lang='lat' dir='ltr'>incertis</span> <span class='ocrx_word' id='word_1_93' title='bbox 756 1384 843 1441; x_wconf 88' lang='lat' dir='ltr'>rebus</span> <span class='ocrx_word' id='word_1_94' title='bbox 860 1380 989 1438; x_wconf 85' lang='lat' dir='ltr'>offendet</span> <span class='ocrx_word' id='word_1_95' title='bbox 1003 1382 1096 1439; x_wconf 88' lang='lat' dir='ltr'>Anto-</span> 
     </span>
     <span class='ocr_line' id='line_1_13' title="bbox 149 1480 1095 1557; baseline -0.006 -15"><span class='ocrx_word' id='word_1_96' title='bbox 149 1485 255 1542; x_wconf 88' lang='lat' dir='ltr'>nium?</span> <span class='ocrx_word' id='word_1_97' title='bbox 295 1481 361 1540; x_wconf 90' lang='lat' dir='ltr'>Kal.</span> <span class='ocrx_word' id='word_1_98' title='bbox 383 1481 497 1538; x_wconf 87' lang='lat' dir='ltr'>Ianuar.</span> <span class='ocrx_word' id='word_1_99' title='bbox 519 1483 571 1540; x_wconf 88' lang='lat' dir='ltr'>erit</span> <span class='ocrx_word' id='word_1_100' title='bbox 592 1480 712 1539; x_wconf 89' lang='lat' dir='ltr'>fortasse</span> <span class='ocrx_word' id='word_1_101' title='bbox 733 1480 885 1557; x_wconf 86' lang='lat' dir='ltr'>praesidio,</span> <span class='ocrx_word' id='word_1_102' title='bbox 907 1489 955 1536; x_wconf 87' lang='lat' dir='ltr'>aut</span> <span class='ocrx_word' id='word_1_103' title='bbox 977 1481 1095 1554; x_wconf 89' lang='lat' dir='ltr'>quidem</span> 
     </span>
     <span class='ocr_line' id='line_1_14' title="bbox 149 1576 1095 1654; baseline -0.005 -15"><span class='ocrx_word' id='word_1_104' title='bbox 149 1590 217 1639; x_wconf 85' lang='lat' dir='ltr'>ante</span> <span class='ocrx_word' id='word_1_105' title='bbox 243 1578 463 1654; x_wconf 85' lang='lat' dir='ltr'>depugnabitur.</span> <span class='ocrx_word' id='word_1_106' title='bbox 512 1578 607 1636; x_wconf 91' lang='lat' dir='ltr'>Puero</span> <span class='ocrx_word' id='word_1_107' title='bbox 628 1580 786 1654; x_wconf 88' lang='lat' dir='ltr'>municipia</span> <span class='ocrx_word' id='word_1_108' title='bbox 807 1578 879 1633; x_wconf 91' lang='lat' dir='ltr'>mire</span> <span class='ocrx_word' id='word_1_109' title='bbox 901 1576 1013 1648; x_wconf 82' lang='lat' dir='ltr'>favent3</span> <span class='ocrx_word' id='word_1_110' title='bbox 1044 1578 1095 1635; x_wconf 90' lang='lat' dir='ltr'>iter</span> 
     </span>
     <span class='ocr_line' id='line_1_15' title="bbox 149 1673 1094 1744; baseline -0.004 -7"><span class='ocrx_word' id='word_1_111' title='bbox 149 1679 229 1737; x_wconf 91' lang='lat' dir='ltr'>enim</span> <span class='ocrx_word' id='word_1_112' title='bbox 254 1677 364 1734; x_wconf 82' lang='lat' dir='ltr'>faciens</span> <span class='ocrx_word' id='word_1_113' title='bbox 388 1676 418 1732; x_wconf 90' lang='lat' dir='ltr'>in</span> <span class='ocrx_word' id='word_1_114' title='bbox 447 1674 598 1732; x_wconf 90' lang='lat' dir='ltr'>Samnium</span> <span class='ocrx_word' id='word_1_115' title='bbox 626 1677 702 1733; x_wconf 92' lang='lat' dir='ltr'>venit</span> <span class='ocrx_word' id='word_1_116' title='bbox 731 1675 826 1744; x_wconf 89' lang='lat' dir='ltr'>Cales,</span> <span class='ocrx_word' id='word_1_117' title='bbox 848 1673 954 1731; x_wconf 90' lang='lat' dir='ltr'>mansit</span> <span class='ocrx_word' id='word_1_118' title='bbox 980 1674 1094 1733; x_wconf 88' lang='lat' dir='ltr'>Teani:</span> 
     </span>
     <span class='ocr_line' id='line_1_16' title="bbox 149 1771 1095 1846; baseline -0.004 -12"><span class='ocrx_word' id='word_1_119' title='bbox 149 1775 271 1834; x_wconf 84' lang='lat' dir='ltr'>mirifica</span> <span class='ocrx_word' id='word_1_120' title='bbox 285 1775 426 1843; x_wconf 73' lang='grc' dir='ltr'>ἀπάντησις</span> <span class='ocrx_word' id='word_1_121' title='bbox 439 1782 468 1830; x_wconf 92' lang='lat' dir='ltr'>et</span> <span class='ocrx_word' id='word_1_122' title='bbox 482 1772 653 1831; x_wconf 86' lang='lat' dir='ltr'>cohortatio.</span> <span class='ocrx_word' id='word_1_123' title='bbox 696 1771 765 1830; x_wconf 92' lang='lat' dir='ltr'>Hoc</span> <span class='ocrx_word' id='word_1_124' title='bbox 780 1782 811 1830; x_wconf 93' lang='lat' dir='ltr'>tu</span> <span class='ocrx_word' id='word_1_125' title='bbox 824 1773 962 1846; x_wconf 82' lang='lat' dir='ltr'>putares?</span> <span class='ocrx_word' id='word_1_126' title='bbox 984 1773 1024 1828; x_wconf 93' lang='lat' dir='ltr'>ob</span> <span class='ocrx_word' id='word_1_127' title='bbox 1038 1771 1095 1830; x_wconf 87' lang='lat' dir='ltr'>hoc</span> 
     </span>
     <span class='ocr_line' id='line_1_17' title="bbox 148 1869 1095 1951; baseline -0.008 -16"><span class='ocrx_word' id='word_1_128' title='bbox 148 1894 207 1951; x_wconf 86' lang='lat' dir='ltr'>ego</span> <span class='ocrx_word' id='word_1_129' title='bbox 223 1873 306 1930; x_wconf 88' lang='lat' dir='ltr'>citius</span> <span class='ocrx_word' id='word_1_130' title='bbox 321 1871 458 1941; x_wconf 84' lang='lat' dir='ltr'>Romam,</span> <span class='ocrx_word' id='word_1_131' title='bbox 473 1888 561 1945; x_wconf 90' lang='lat' dir='ltr'>quam</span> <span class='ocrx_word' id='word_1_132' title='bbox 575 1871 790 1928; x_wconf 87' lang='lat' dir='ltr'>constitueram.</span> <span class='ocrx_word' id='word_1_133' title='bbox 835 1869 926 1927; x_wconf 90' lang='lat' dir='ltr'>Simul</span> <span class='ocrx_word' id='word_1_134' title='bbox 941 1879 969 1927; x_wconf 94' lang='lat' dir='ltr'>et</span> <span class='ocrx_word' id='word_1_135' title='bbox 987 1871 1095 1927; x_wconf 88' lang='lat' dir='ltr'>consti·</span> 
     </span>
     <span class='ocr_line' id='line_1_18' title="bbox 149 1966 1096 2042; baseline -0.013 -10"><span class='ocrx_word' id='word_1_136' title='bbox 149 1983 241 2041; x_wconf 85' lang='lat' dir='ltr'>tuem,</span> <span class='ocrx_word' id='word_1_137' title='bbox 256 1970 389 2027; x_wconf 86' lang='lat' dir='ltr'>scribam.</span> <span class='ocrx_word' id='word_1_138' title='bbox 433 1980 459 2040; x_wconf 85' lang='lat'>7.</span> <span class='ocrx_word' id='word_1_139' title='bbox 481 1966 543 2024; x_wconf 92' lang='lat' dir='ltr'>Etsi</span> <span class='ocrx_word' id='word_1_140' title='bbox 558 1967 690 2025; x_wconf 91' lang='lat' dir='ltr'>nondum</span> <span class='ocrx_word' id='word_1_141' title='bbox 707 1967 907 2042; x_wconf 89' lang='lat' dir='ltr'>stipulationes</span> <span class='ocrx_word' id='word_1_142' title='bbox 926 1966 1096 2040; x_wconf 86' lang='lat' dir='ltr'>legeram-</span> 
     </span>
     <span class='ocr_line' id='line_1_19' title="bbox 149 2062 1095 2140; baseline -0.011 -12"><span class='ocrx_word' id='word_1_143' title='bbox 149 2089 204 2128; x_wconf 89' lang='lat' dir='ltr'>nec</span> <span class='ocrx_word' id='word_1_144' title='bbox 226 2069 306 2126; x_wconf 86' lang='lat' dir='ltr'>enim</span> <span class='ocrx_word' id='word_1_145' title='bbox 326 2065 401 2122; x_wconf 91' lang='lat' dir='ltr'>Eros</span> <span class='ocrx_word' id='word_1_146' title='bbox 423 2073 590 2135; x_wconf 84' lang='lat' dir='ltr'>venerat—,</span> <span class='ocrx_word' id='word_1_147' title='bbox 604 2074 703 2123; x_wconf 90' lang='lat' dir='ltr'>tamen</span> <span class='ocrx_word' id='word_1_148' title='bbox 723 2082 786 2122; x_wconf 91' lang='lat' dir='ltr'>rem</span> <span class='ocrx_word' id='word_1_149' title='bbox 807 2064 898 2140; x_wconf 88' lang='lat' dir='ltr'>pridie</span> <span class='ocrx_word' id='word_1_150' title='bbox 920 2062 990 2119; x_wconf 90' lang='lat' dir='ltr'>Idus</span> <span class='ocrx_word' id='word_1_151' title='bbox 1009 2062 1095 2119; x_wconf 90' lang='lat' dir='ltr'>velim</span> 
     </span>
     <span class='ocr_line' id='line_1_20' title="bbox 149 2160 1095 2238; baseline -0.01 -11"><span class='ocrx_word' id='word_1_152' title='bbox 149 2167 297 2228; x_wconf 85' lang='lat' dir='ltr'>conficias.</span> <span class='ocrx_word' id='word_1_153' title='bbox 339 2162 486 2238; x_wconf 89' lang='lat' dir='ltr'>Epistolas</span> <span class='ocrx_word' id='word_1_154' title='bbox 511 2160 652 2232; x_wconf 89' lang='lat' dir='ltr'>Catinam,</span> <span class='ocrx_word' id='word_1_155' title='bbox 675 2162 915 2232; x_wconf 87' lang='lat' dir='ltr'>Tauromenium,</span> <span class='ocrx_word' id='word_1_156' title='bbox 939 2160 1095 2236; x_wconf 87' lang='lat' dir='ltr'>Syracusas</span> 
     </span>
     <span class='ocr_line' id='line_1_21' title="bbox 148 2258 1095 2337; baseline -0.011 -12"><span class='ocrx_word' id='word_1_157' title='bbox 148 2264 335 2326; x_wconf 90' lang='lat' dir='ltr'>commodius</span> <span class='ocrx_word' id='word_1_158' title='bbox 355 2263 466 2317; x_wconf 89' lang='lat' dir='ltr'>mittere</span> <span class='ocrx_word' id='word_1_159' title='bbox 487 2271 598 2337; x_wconf 92' lang='lat' dir='ltr'>potero,</span> <span class='ocrx_word' id='word_1_160' title='bbox 620 2261 644 2317; x_wconf 91' lang='lat' dir='ltr'>si</span> <span class='ocrx_word' id='word_1_161' title='bbox 664 2259 797 2318; x_wconf 90' lang='lat' dir='ltr'>Valerius</span> <span class='ocrx_word' id='word_1_162' title='bbox 822 2261 963 2334; x_wconf 89' lang='lat' dir='ltr'>interpres</span> <span class='ocrx_word' id='word_1_163' title='bbox 986 2258 1023 2315; x_wconf 90' lang='lat' dir='ltr'>ad</span> <span class='ocrx_word' id='word_1_164' title='bbox 1048 2277 1095 2316; x_wconf 91' lang='lat' dir='ltr'>me</span> 
     </span>
     <span class='ocr_line' id='line_1_22' title="bbox 149 2357 1095 2436; baseline -0.01 -11"><span class='ocrx_word' id='word_1_165' title='bbox 149 2365 272 2426; x_wconf 91' lang='lat' dir='ltr'>nomina</span> <span class='ocrx_word' id='word_1_166' title='bbox 286 2361 477 2436; x_wconf 88' lang='lat' dir='ltr'>gratiosorum</span> <span class='ocrx_word' id='word_1_167' title='bbox 496 2359 657 2433; x_wconf 89' lang='lat' dir='ltr'>scripserit;</span> <span class='ocrx_word' id='word_1_168' title='bbox 680 2359 726 2415; x_wconf 92' lang='lat' dir='ltr'>alii</span> <span class='ocrx_word' id='word_1_169' title='bbox 746 2358 824 2414; x_wconf 89' lang='lat' dir='ltr'>enirn</span> <span class='ocrx_word' id='word_1_170' title='bbox 845 2368 912 2415; x_wconf 93' lang='lat' dir='ltr'>sunt</span> <span class='ocrx_word' id='word_1_171' title='bbox 931 2357 1010 2426; x_wconf 88' lang='lat' dir='ltr'>alias,</span> <span class='ocrx_word' id='word_1_172' title='bbox 1025 2374 1095 2416; x_wconf 91' lang='lat' dir='ltr'>nos·</span> 
     </span>
     <span class='ocr_line' id='line_1_23' title="bbox 149 2455 1095 2538; baseline -0.008 -15"><span class='ocrx_word' id='word_1_173' title='bbox 149 2467 242 2538; x_wconf 91' lang='lat' dir='ltr'>trique</span> <span class='ocrx_word' id='word_1_174' title='bbox 262 2458 413 2516; x_wconf 85' lang='lat' dir='ltr'>familiares</span> <span class='ocrx_word' id='word_1_175' title='bbox 431 2455 489 2513; x_wconf 83' lang='lat' dir='ltr'>lere</span> <span class='ocrx_word' id='word_1_176' title='bbox 509 2456 668 2514; x_wconf 90' lang='lat' dir='ltr'>demortui:</span> <span class='ocrx_word' id='word_1_177' title='bbox 692 2455 807 2530; x_wconf 91' lang='lat' dir='ltr'>publice</span> <span class='ocrx_word' id='word_1_178' title='bbox 828 2465 926 2513; x_wconf 90' lang='lat' dir='ltr'>tamen</span> <span class='ocrx_word' id='word_1_179' title='bbox 947 2455 1055 2529; x_wconf 89' lang='lat' dir='ltr'>scripsi,</span> <span class='ocrx_word' id='word_1_180' title='bbox 1071 2457 1095 2515; x_wconf 92' lang='lat' dir='ltr'>si</span> 
     </span>
     <span class='ocr_line' id='line_1_24' title="bbox 148 2551 1096 2623; baseline -0.014 -1"><span class='ocrx_word' id='word_1_181' title='bbox 148 2564 189 2622; x_wconf 92' lang='lat' dir='ltr'>uti</span> <span class='ocrx_word' id='word_1_182' title='bbox 208 2559 293 2617; x_wconf 89' lang='lat' dir='ltr'>vellet</span> <span class='ocrx_word' id='word_1_183' title='bbox 314 2556 355 2612; x_wconf 91' lang='lat' dir='ltr'>eis</span> <span class='ocrx_word' id='word_1_184' title='bbox 372 2553 511 2623; x_wconf 90' lang='lat' dir='ltr'>Valerius,</span> <span class='ocrx_word' id='word_1_185' title='bbox 528 2562 576 2610; x_wconf 93' lang='lat' dir='ltr'>aut</span> <span class='ocrx_word' id='word_1_186' title='bbox 595 2554 666 2610; x_wconf 91' lang='lat' dir='ltr'>mihi</span> <span class='ocrx_word' id='word_1_187' title='bbox 684 2554 804 2611; x_wconf 89' lang='lat' dir='ltr'>nomina</span> <span class='ocrx_word' id='word_1_188' title='bbox 823 2553 956 2611; x_wconf 82' lang='lat' dir='ltr'>mitteret.</span> <span class='ocrx_word' id='word_1_189' title='bbox 1000 2555 1027 2609; x_wconf 89' lang='lat'>8.</span> <span class='ocrx_word' id='word_1_190' title='bbox 1049 2551 1096 2609; x_wconf 86' lang='lat' dir='ltr'>De</span> 
     </span>
     <span class='ocr_line' id='line_1_25' title="bbox 149 2648 1095 2736; baseline -0.013 -18"><span class='ocrx_word' id='word_1_191' title='bbox 149 2655 317 2736; x_wconf 88' lang='lat' dir='ltr'>Lepidianis</span> <span class='ocrx_word' id='word_1_192' title='bbox 338 2651 414 2708; x_wconf 86' lang='lat' dir='ltr'>seriis</span> <span class='ocrx_word' id='word_1_193' title='bbox 436 2650 543 2707; x_wconf 90' lang='lat' dir='ltr'>Balbus</span> <span class='ocrx_word' id='word_1_194' title='bbox 565 2651 603 2708; x_wconf 88' lang='lat' dir='ltr'>ad</span> <span class='ocrx_word' id='word_1_195' title='bbox 624 2669 680 2721; x_wconf 89' lang='lat' dir='ltr'>me,</span> <span class='ocrx_word' id='word_1_196' title='bbox 697 2669 790 2726; x_wconf 91' lang='lat' dir='ltr'>usque</span> <span class='ocrx_word' id='word_1_197' title='bbox 811 2650 850 2707; x_wconf 92' lang='lat' dir='ltr'>ad</span> <span class='ocrx_word' id='word_1_198' title='bbox 870 2669 912 2708; x_wconf 85' lang='lat'>111.</span> <span class='ocrx_word' id='word_1_199' title='bbox 928 2649 994 2708; x_wconf 92' lang='lat' dir='ltr'>Kal.</span> <span class='ocrx_word' id='word_1_200' title='bbox 1036 2648 1095 2706; x_wconf 82' lang='lat' dir='ltr'>Ex-</span> 
     </span>
     <span class='ocr_line' id='line_1_26' title="bbox 149 2746 1094 2833; baseline -0.013 -19"><span class='ocrx_word' id='word_1_201' title='bbox 149 2754 290 2833; x_wconf 87' lang='lat' dir='ltr'>spectabo</span> <span class='ocrx_word' id='word_1_202' title='bbox 312 2762 375 2808; x_wconf 92' lang='lat' dir='ltr'>tuas</span> <span class='ocrx_word' id='word_1_203' title='bbox 396 2750 511 2818; x_wconf 73' lang='lat' dir='ltr'>litteras</span> <span class='ocrx_word' id='word_1_204' title='bbox 531 2766 636 2822; x_wconf 90' lang='lat' dir='ltr'>meque</span> <span class='ocrx_word' id='word_1_205' title='bbox 657 2749 688 2804; x_wconf 71' lang='lat' dir='ltr'>de</span> <span class='ocrx_word' id='word_1_206' title='bbox 705 2746 847 2822; x_wconf 91' lang='lat' dir='ltr'>Torquati</span> <span class='ocrx_word' id='word_1_207' title='bbox 868 2746 1018 2822; x_wconf 87' lang='lat' dir='ltr'>negotiolo</span> <span class='ocrx_word' id='word_1_208' title='bbox 1040 2748 1094 2804; x_wconf 88' lang='lat' dir='ltr'>sci-</span> 
     </span>
     <span class='ocr_line' id='line_1_27' title="bbox 148 2845 1094 2925; baseline -0.007 -17"><span class='ocrx_word' id='word_1_209' title='bbox 148 2867 247 2913; x_wconf 87' lang='lat' dir='ltr'>turum</span> <span class='ocrx_word' id='word_1_210' title='bbox 268 2859 348 2925; x_wconf 90' lang='lat' dir='ltr'>put0.</span> <span class='ocrx_word' id='word_1_211' title='bbox 391 2845 492 2917; x_wconf 88' lang='lat' dir='ltr'>Quinti</span> <span class='ocrx_word' id='word_1_212' title='bbox 513 2845 618 2902; x_wconf 89' lang='lat' dir='ltr'>litteras</span> <span class='ocrx_word' id='word_1_213' title='bbox 640 2845 677 2902; x_wconf 91' lang='lat' dir='ltr'>ad</span> <span class='ocrx_word' id='word_1_214' title='bbox 699 2853 728 2903; x_wconf 90' lang='lat' dir='ltr'>te</span> <span class='ocrx_word' id='word_1_215' title='bbox 748 2845 822 2915; x_wconf 92' lang='lat' dir='ltr'>misi,</span> <span class='ocrx_word' id='word_1_216' title='bbox 840 2854 872 2902; x_wconf 91' lang='lat' dir='ltr'>ut</span> <span class='ocrx_word' id='word_1_217' title='bbox 893 2845 990 2912; x_wconf 89' lang='lat' dir='ltr'>scires,</span> <span class='ocrx_word' id='word_1_218' title='bbox 1006 2862 1094 2918; x_wconf 88' lang='lat' dir='ltr'>quam</span> 
     </span>
     <span class='ocr_line' id='line_1_28' title="bbox 148 2941 1094 3017; baseline -0.012 -7"><span class='ocrx_word' id='word_1_219' title='bbox 148 2952 232 3010; x_wconf 89' lang='lat' dir='ltr'>valde</span> <span class='ocrx_word' id='word_1_220' title='bbox 248 2965 316 3005; x_wconf 89' lang='lat' dir='ltr'>eum</span> <span class='ocrx_word' id='word_1_221' title='bbox 330 2953 447 3013; x_wconf 86' lang='lat' dir='ltr'>amaret,</span> <span class='ocrx_word' id='word_1_222' title='bbox 459 2961 547 3017; x_wconf 90' lang='lat' dir='ltr'>quem</span> <span class='ocrx_word' id='word_1_223' title='bbox 563 2942 641 3000; x_wconf 93' lang='lat' dir='ltr'>dolet</span> <span class='ocrx_word' id='word_1_224' title='bbox 655 2960 673 3000; x_wconf 93' lang='lat' dir='ltr'>a</span> <span class='ocrx_word' id='word_1_225' title='bbox 686 2953 715 2999; x_wconf 92' lang='lat' dir='ltr'>te</span> <span class='ocrx_word' id='word_1_226' title='bbox 729 2942 825 2999; x_wconf 91' lang='lat' dir='ltr'>minus</span> <span class='ocrx_word' id='word_1_227' title='bbox 838 2941 936 2998; x_wconf 88' lang='lat' dir='ltr'>amari.</span> <span class='ocrx_word' id='word_1_228' title='bbox 972 2941 1094 3012; x_wconf 88' lang='lat' dir='ltr'>Atticae,</span> 
     </span>
     <span class='ocr_line' id='line_1_29' title="bbox 148 3037 1094 3125; baseline -0.01 -19"><span class='ocrx_word' id='word_1_229' title='bbox 148 3048 300 3125; x_wconf 90' lang='lat' dir='ltr'>quoniam,</span> <span class='ocrx_word' id='word_1_230' title='bbox 315 3043 396 3118; x_wconf 90' lang='lat' dir='ltr'>quod</span> <span class='ocrx_word' id='word_1_231' title='bbox 417 3042 560 3116; x_wconf 91' lang='lat' dir='ltr'>optimum</span> <span class='ocrx_word' id='word_1_232' title='bbox 581 3040 611 3097; x_wconf 90' lang='lat' dir='ltr'>in</span> <span class='ocrx_word' id='word_1_233' title='bbox 632 3040 728 3115; x_wconf 91' lang='lat' dir='ltr'>pueris</span> <span class='ocrx_word' id='word_1_234' title='bbox 750 3048 802 3108; x_wconf 87' lang='lat' dir='ltr'>est,</span> <span class='ocrx_word' id='word_1_235' title='bbox 817 3037 937 3095; x_wconf 90' lang='lat' dir='ltr'>hilarula</span> <span class='ocrx_word' id='word_1_236' title='bbox 955 3047 1006 3109; x_wconf 91' lang='lat' dir='ltr'>est,</span> <span class='ocrx_word' id='word_1_237' title='bbox 1022 3040 1094 3097; x_wconf 92' lang='lat' dir='ltr'>meis</span> 
     </span>
     <span class='ocr_line' id='line_1_30' title="bbox 148 3136 553 3204; baseline -0.025 0"><span class='ocrx_word' id='word_1_238' title='bbox 148 3145 243 3204; x_wconf 82' lang='lat' dir='ltr'>verbis</span> <span class='ocrx_word' id='word_1_239' title='bbox 266 3140 396 3200; x_wconf 87' lang='lat' dir='ltr'>suavium</span> <span class='ocrx_word' id='word_1_240' title='bbox 411 3138 462 3195; x_wconf 91' lang='lat' dir='ltr'>des</span> <span class='ocrx_word' id='word_1_241' title='bbox 477 3136 553 3195; x_wconf 90' lang='lat' dir='ltr'>volo.</span> 
     </span>
    </p>
   </div>
   <div class='ocr_carea' id='block_1_5' title="bbox 0 0 1254 3840">
    <p class='ocr_par' dir='ltr' id='par_1_5' title="bbox 0 0 1254 3840">
     <span class='ocr_line' id='line_1_31' title="bbox 0 0 1254 3840; baseline 0 0"><span class='ocrx_word' id='word_1_242' title='bbox 0 0 1254 3840; x_wconf 95' lang='lat' dir='ltr'> </span> 
     </span>
    </p>
   </div>
  </div>
 </body>
</html>
