2392 3848
107 208 152 273 aa
166 219 221 274 toa,
233 192 303 279 ron]
324 204 436 256 aaran
456 204 505 254 ro
525 202 752 255 rrnrrrnnas·
767 205 831 255 ru.
858 191 907 259 18.
986 210 1049 274 217

107 372 200 441 putes,
215 361 268 422 sed
288 362 383 433 etiam,
398 361 480 439 quod
500 363 570 421 mihi
591 374 673 438 opus*
689 363 731 434 sit,
747 380 795 420 me
816 352 882 420 a'te
903 371 1001 438 petere
1022 371 1052 421 et

107 478 219 537 rogare.
260 460 465 520 Gratissimum
486 461 571 535 igitur
591 460 662 518 mihi
681 460 791 530 feceris,
808 461 832 518 si
845 458 1051 520 Volaterranos

107 559 244 619 omnibus
257 559 343 616 rebus
357 559 486 633 integros
496 557 714 633 incolumesque
725 575 789 616 esse
800 557 935 616 volueris:
950 576 1051 617 eorum

107 672 164 733 ego
180 655 336 727 domicilia,
350 654 444 726 sedes,
463 673 533 726 rem,
548 655 688 725 fortunas,
703 674 772 730 quoe
787 664 816 712 et
837 673 855 713 a
874 655 918 713 dis
932 656 1051 715 immor·

106 753 211 814 talibus
228 763 259 813 et
276 772 294 812 a
312 753 563 830 praestantissimis
582 754 612 810 in
631 764 731 810 nostra
752 770 783 810 re
804 753 921 828 publica
941 754 1051 813 civibus

106 868 224 911 summo
252 861 369 909 senatus
397 851 554 927 populique
584 850 711 909 Romani
740 850 836 907 studio
865 861 1050 910 conservatae

106 958 182 1020 sunt,
206 958 273 1008 tuae
298 949 365 1008 fidei
387 950 509 1007 iustitiae
534 948 715 1022 bonitatique
739 948 924 1006 commendo.
968 967 995 1021 4.
1020 950 1050 1008 Si

106 1063 160 1124 pro
174 1047 250 1105 meis
262 1047 389 1123 pristinis
403 1048 508 1123 opibus
522 1045 688 1104 facultatem
702 1044 773 1102 mihi
788 1062 834 1103 res
849 1045 905 1104 hoc
919 1054 1050 1122 tempore

106 1144 195 1216 daret,
215 1152 249 1203 ut
276 1145 316 1202 ita
344 1144 498 1202 defendere
523 1161 641 1220 possem
662 1141 878 1213 Volaterranos,
900 1161 988 1219 quem
1012 1146 1050 1204 ad

106 1241 228 1301 modum
242 1242 380 1301 consuevi
395 1241 465 1299 tueri
479 1258 570 1309 meoS,
586 1239 697 1298 nullum
717 1238 854 1309 officium,
870 1239 980 1298 nullum
999 1244 1049 1301 de-

106 1339 193 1417 nique
218 1350 374 1410 certamen,
395 1340 425 1396 in
450 1356 510 1415 quo
533 1337 587 1396 illis
612 1337 752 1412 prodesse
772 1355 901 1412 possem,
923 1351 1049 1415 praeter·

106 1438 248 1496 mitterem
256 1455 265 1509 3
280 1437 482 1512 sedquoniam
494 1436 572 1511 apud
586 1447 614 1493 te
628 1433 720 1493 nihilo
734 1435 831 1493 minus
845 1435 903 1494 boc
917 1444 1048 1512 tempore

105 1534 199 1593 valere
226 1552 274 1593 me
301 1533 429 1605 confido,
451 1551 540 1610 quam
564 1531 702 1589 valuerim
727 1549 842 1607 semper
867 1535 945 1610 apud
969 1535 1051 1593 bonos

105 1648 219 1703 omnes,
232 1650 287 1708 pro
304 1641 403 1690 nostra
416 1649 531 1690 summa
544 1629 756 1688 necessitudine
771 1631 890 1706 parique
905 1632 978 1690 inter
992 1651 1048 1693 nos

105 1739 134 1791 et
146 1738 249 1789 mutua
263 1728 463 1788 benevolentia
479 1718 534 1786 abs'
550 1737 578 1786 te
596 1736 674 1804 peto,
689 1736 721 1784 ut
741 1728 780 1785 ita
801 1727 836 1786 de
852 1728 1049 1789 Volaterranis

105 1844 243 1898 mereare,
269 1835 302 1886 ut
329 1826 493 1885 existiment
520 1842 588 1883 eum
617 1825 699 1900 quasi
728 1823 825 1882 divino
854 1826 976 1886 consilio
1003 1829 1047 1887 isti

105 1925 226 2002 negotio
244 1924 441 2003 praepositum
462 1941 535 1993 esse,
551 1922 629 1997 apud
646 1940 735 1997 quem
756 1941 848 1980 unum
869 1940 925 1983 nos
945 1943 1048 1984 eorum

105 2023 237 2103 perpetui
251 2021 417 2081 defensores
431 2022 585 2097 plurimum
599 2019 691 2077 valere
707 2038 868 2095 possemus

230 2183 296 2237 103.
338 2175 403 2235 ΑΙ)
431 2174 756 2234 FAMILIARES
788 2176 855 2235 XII.
882 2179 927 2235 18.

296 2292 360 2352 Son.
379 2292 487 2351 Rournn
507 2310 559 2350 sun
579 2310 670 2350 runnu
691 2311 773 2352 nuc.
795 2306 861 2366 709.

303 2417 406 2458 cronno
426 2416 448 2456 s.
463 2417 491 2455 n.
506 2415 669 2456 conmrrcro
690 2416 851 2456 comnena.

147 2532 173 2575 ι.
195 2512 285 2585 Quou
304 2522 463 2571 extremum
478 2512 530 2571 fuit
543 2514 573 2570 iu
588 2530 623 2572 ea
637 2514 766 2588 epistola,
782 2532 872 2589 quam
886 2531 903 2570 a
918 2523 946 2571 te
960 2533 1047 2591 prox·

104 2612 161 2675 ime
180 2611 290 2686 accepi,
305 2610 343 2669 ad
363 2610 393 2668 id
413 2612 539 2686 primum
559 2610 745 2686 respondebo
756 2630 765 2684 ;
786 2612 915 2669 animum
938 2612 1047 2672 advorti

104 2712 182 2772 enim
208 2710 265 2768 hoc
292 2726 344 2766 vos
372 2725 496 2784 magnos
525 2720 652 2767 oratores
681 2708 775 2767 facere
804 2728 1045 2786 nonnumquam:

104 2807 242 2886 epistolas
256 2805 376 2881 requiris
392 2824 490 2877 meas;
513 2824 569 2880 ego
589 2815 685 2863 autem
705 2824 874 2882 numquam,
892 2826 959 2865 cum
976 2809 1047 2867 mihi

103 2904 305 2968 denuntiatum
326 2914 402 2961 esset
422 2921 440 2960 a
461 2905 516 2961 tuis
537 2904 578 2961 ire
600 2904 734 2978 aliquem,
756 2923 817 2962 non
839 2905 913 2963 dedi.
957 2905 1047 2977 Quod

103 3004 174 3064 mibi
206 3001 306 3059 videor
338 3019 374 3058 ex
407 3002 463 3059 tuis
491 3001 589 3058 litteris
617 3002 783 3078 intellegere
811 3015 839 3061 te
867 3003 937 3061 nihil
965 3022 1046 3062 com·

103 3102 259 3161 missurum
279 3116 343 3156 esse
363 3107 470 3155 temere
492 3117 545 3156 nec
567 3108 641 3169 ante,
663 3118 751 3175 quam
774 3101 885 3172 scisses,
908 3119 967 3177 quo
992 3104 1045 3162 iste

103 3196 278 3273 nescioqui
302 3193 445 3254 Caecilius
470 3195 577 3254 Bassus
602 3208 772 3273 erumperet,
795 3200 951 3276 quicquam
975 3202 1045 3260 certi

104 3295 335 3363 constituturum,
350 3292 379 3350 id
398 3310 456 3368 ego
473 3304 501 3352 et
516 3313 661 3370 speraram
677 3297 828 3370 prudentia
842 3308 892 3356 tua
906 3297 994 3356 lretus
1008 3309 1045 3371 et,

105 3402 137 3453 ut
159 3391 347 3462 confiderem,
369 3390 499 3450 fecerunt
522 3401 588 3451 tuae
616 3394 795 3469 gratissimae
822 3394 892 3453 mihi
920 3395 1028 3456 litterae
1035 3416 1044 3470 ς
