2392 3848
104 214 149 280 sp
163 198 219 287 qs]
331 212 444 262 untur.
466 212 516 262 Ao
536 212 703 263 armetur
721 215 769 262 xr.
791 219 823 280 4.
988 215 1047 285 177

339 441 384 497 78.
428 436 485 498 ΑΙ)
505 438 699 498 ATTICUM
720 439 773 498 XI.
796 457 824 511 4.

145 552 215 616 Sem
229 571 262 614 tu
281 569 396 614 casuurs
415 553 539 614 Poururr
559 572 653 613 urrisu
674 554 816 626 Quurrm
838 566 954 630 auct
979 554 1006 612 6.

421 678 523 720 cremo
543 679 650 720 nrrreo
670 679 731 721 snt.

149 794 175 835 1.
197 773 307 836 Aecum
320 774 358 832 ab
371 772 486 833 Isidoro
501 773 608 834 litteras
622 785 651 834 et
664 785 768 851 postea
787 775 869 834 datas
888 775 989 834 binas:
1012 794 1048 834 ex

104 872 249 952 proximis
269 873 393 949 cognovi
414 872 532 948 praedia
552 890 612 930 non
632 873 745 931 venisse
756 892 765 946 ;
786 873 897 932 videbis
917 891 997 948 ergo,
1017 882 1049 931 ut

104 979 283 1033 sustentetur
296 987 348 1047 per
367 979 403 1029 te.
445 969 491 1028 De
509 969 661 1041 Frusinati,
677 972 701 1029 si
722 971 813 1030 modo
832 971 919 1029 futrui
940 989 1048 1042 sumus,

104 1070 159 1130 erit
183 1068 255 1127 mihi
279 1086 325 1127 res
352 1077 524 1144 opportuna.
567 1067 652 1126 Meas
678 1069 785 1127 litteras
813 1069 893 1144 quod
920 1070 1048 1145 requiris,

105 1166 253 1244 impedior
270 1165 370 1242 inopia
387 1183 492 1236 rerum,
507 1183 580 1242 quas
600 1164 693 1225 nullas
712 1166 806 1224 habeo
824 1166 923 1225 litteris
938 1167 1049 1242 dignas,

105 1266 217 1343 quippe
231 1264 278 1323 cui
292 1281 348 1322 nec
358 1282 433 1340 quae
447 1263 581 1322 accidunt
595 1282 650 1322 nec
661 1281 735 1341 quae
749 1275 873 1340 agimtur
886 1263 945 1323 ullo
959 1264 1050 1323 modo

105 1364 276 1444 probentur.
317 1361 435 1420 Utinam
453 1379 553 1420 coram
571 1369 669 1419 tecum
687 1361 759 1421 olim
777 1363 977 1438 potiusquam
997 1381 1050 1438 per

105 1457 263 1537 epistolasl
284 1457 343 1517 Hic
360 1469 416 1531 tua,
436 1467 468 1516 ut
484 1475 612 1532 possum,
635 1465 718 1516 tueor
739 1459 817 1534 apud
838 1458 901 1518 hos.
946 1458 1051 1519 Cetera

106 1555 204 1618 Celer.
245 1555 314 1632 Ipse
327 1555 388 1631 lugi
403 1555 497 1614 adhuc
512 1572 600 1613 omne
613 1573 729 1626 munus,
745 1573 781 1614 eo
795 1557 897 1632 magis,
913 1557 994 1633 quod
1012 1558 1052 1616 ita

105 1654 182 1716 nihil
195 1662 310 1731 poterat
322 1654 378 1729 agi,
392 1661 424 1711 ut
437 1652 507 1710 mihi
521 1662 551 1711 et
564 1653 636 1711 meis
650 1655 735 1712 rebus
749 1665 849 1730 aptum
864 1663 949 1715 esset.

151 1771 180 1813 ο.
205 1750 286 1824 Quid
309 1751 345 1810 sit
372 1760 487 1826 gestum
514 1751 590 1820 novi,
616 1751 746 1827 quaeris:
775 1770 811 1810 ex
836 1752 950 1811 Isidoro
978 1755 1051 1812 scire

106 1851 237 1930 potetis3
260 1848 374 1926 'reliqua
400 1867 463 1906 non
490 1846 622 1906 videntur
649 1865 714 1907 esse
742 1849 908 1909 difficiliora.
950 1849 998 1908 Tu
1021 1851 1051 1910 id

106 1949 205 2019 velim,
226 1947 307 2024 quod
326 1947 383 2006 scis
404 1964 452 2004 me
472 1946 598 2004 maxime
619 1945 699 2016 velle,
721 1964 813 2016 cures,
835 1956 866 2004 ut
891 1948 998 2019 scribis,
1020 1959 1052 2007 ut

106 2045 190 2105 iacis.
238 2043 291 2102 Me
323 2042 437 2101 conficit
470 2041 641 2113 sollicitudo,
669 2061 706 2102 ex
737 2061 796 2119 qua
813 2039 909 2102 'etiam
937 2063 1052 2106 summa

106 2142 262 2203 infirmitas
288 2141 437 2216 corporis3
473 2158 532 2215 qua
558 2139 651 2199 levata
678 2159 728 2199 ero
755 2160 814 2200 una
841 2160 908 2201 cum
935 2161 980 2213 eo,
1003 2147 1052 2222 qui

106 2241 260 2318 negotium
274 2239 346 2314 gerit
360 2248 460 2314 estque
474 2238 504 2294 in
519 2255 571 2312 spe
590 2256 706 2314 magna.
748 2239 853 2298 Bmtus
872 2241 999 2313 amicus;
1022 2245 1052 2301 in

107 2356 201 2401 causa
220 2345 346 2396 versatur
367 2336 476 2393 acriter.
519 2334 670 2394 Hactenus
691 2335 742 2394 luit
763 2337 843 2412 quod
863 2348 946 2397 caute
966 2358 984 2398 a
1004 2359 1052 2399 me

107 2436 197 2499 scnlti
217 2444 324 2512 posset.
366 2431 447 2491 Vale.
488 2432 534 2490 De
555 2433 697 2508 pensione
718 2434 814 2504 altera,
836 2453 890 2494 oro
910 2446 948 2508 te,
970 2441 1052 2498 omni

107 2553 179 2596 cura
199 2532 360 2601 considera,
374 2530 444 2607 quid
465 2529 631 2591 faciendum
652 2532 696 2604 sit,
715 2543 746 2592 ut
767 2533 867 2609 scripsi
888 2534 922 2593 iis
942 2534 1050 2606 litteris,

108 2650 185 2715 quas
205 2629 307 2692 Pollex
327 2628 397 2690 tulit.
