2392 3848
124 220 170 283 ap.
188 204 256 290 1³2]
330 216 443 266 srrsr.
465 216 515 264 aa
536 215 763 265 canturanae·
781 216 815 268 x.
839 201 869 265 8.
1010 217 1074 287 259

123 378 175 428 aut
189 367 336 427 sordidum
348 368 504 445 quicquam
517 367 577 444 pati
591 376 640 425 aut
654 366 852 442 perniciosum
864 367 1072 445 concupiscere

123 467 241 543 potest?
284 485 309 540 3.
334 464 391 523 Sed
418 465 599 540 aliquantum
627 463 713 521 nobis
745 463 886 538 temporis
913 473 943 522 et
971 465 1072 540 magni

122 563 240 622 labores
262 573 290 621 et
317 563 425 621 multae
453 562 604 638 impensae
628 577 704 636 opus
727 559 851 631 fuerunt,
872 570 912 632 ut,
935 580 1009 638 quae
1030 562 1073 620 rei

122 661 258 737 publicae
272 661 416 737 bonisque
435 660 572 718 omnibus
591 658 804 734 polliceremur,
819 660 897 717 exitu
912 668 1072 736 praestare·

123 777 192 817 mus
205 777 299 834 neque
314 758 352 816 ad
365 757 503 817 auxilium
522 758 633 833 patriae
654 756 724 814 nudi
738 775 806 815 cum
820 758 900 815 bona
915 758 1071 829 voluntate,

122 857 178 916 sed
199 876 267 915 eum
293 856 476 915 facultatibus
501 855 716 914 accederemus.
760 853 987 914 Confirmandus
1011 864 1073 913 erat

122 955 267 1014 exercitus
285 955 379 1024 nobis,
394 954 508 1028 magnis
530 971 618 1029 saepe
637 952 772 1028 praemiis
792 953 969 1024 sollicitatus,
983 963 1015 1010 ut
1033 953 1071 1011 ab

122 1072 156 1112 re
170 1054 285 1130 publica
298 1053 395 1129 potius
408 1052 559 1110 moderata
573 1069 661 1127 quam
677 1052 715 1108 ab
728 1069 789 1109 uno
803 1051 915 1108 infinita
929 1061 1057 1126 speraret
1062 1069 1071 1123 ;

122 1151 342 1210 confirmandae
364 1151 529 1226 complures
556 1151 693 1219 civitates,
718 1167 793 1224 quae
820 1148 968 1225 superiore
991 1168 1072 1210 anno

123 1248 323 1325 largitionibus
345 1249 642 1323 concessionibusque
669 1246 866 1322 praemiorum
887 1256 970 1306 erant
997 1247 1070 1306 obli·

123 1358 219 1423 gatae,
241 1357 273 1406 ut
301 1357 331 1404 et
358 1346 405 1404 illa
428 1364 503 1404 vana
523 1355 658 1420 putarent
683 1355 712 1403 et
739 1344 843 1402 eadem
865 1363 884 1403 a
905 1344 1072 1404 melioribus

123 1446 291 1504 auctoribus
310 1444 438 1521 petenda
458 1443 672 1514 existimarent3
695 1441 854 1502 eliciendae
868 1443 955 1501 etiam
969 1444 1072 1503 volun-

123 1555 199 1602 tates
224 1543 407 1619 reliquorum,
429 1541 479 1617 qui
504 1541 632 1598 finitimis
656 1540 812 1615 provinciis
840 1541 1070 1618 exercitibusque

125 1641 321 1719 praefuerunt,
336 1651 368 1698 ut
381 1640 478 1714 potius
497 1656 565 1697 cum
584 1638 714 1714 pluribus
731 1639 898 1697 societatem
913 1638 1072 1699 defenden-

124 1740 183 1798 dae
206 1737 342 1796 libertatis
363 1737 509 1808 iniremus,
525 1754 614 1812 quam
633 1752 701 1793 cum
722 1736 905 1811 paucioribus
924 1735 1071 1795 funestam

124 1837 192 1898 orbi
220 1847 357 1894 terrarum
381 1834 530 1892 victoriam
553 1833 732 1909 partiremur.
775 1853 802 1904 4.
824 1832 978 1892 Muniendi
1002 1852 1070 1893 vero

125 1932 322 2009 nosmetipsi
345 1931 452 1990 fuimus
475 1939 562 1989 aucto
584 1931 711 1988 exercitu
739 1931 909 2005 auxiliisque
937 1933 1071 2008 multipli-

125 2032 207 2103 catis,
231 2041 271 2102 ut,
297 2047 364 2088 cum
392 2029 601 2107 praeferremus
630 2045 732 2087 sensus
763 2040 869 2103 aperte,
894 2039 956 2087 tum
984 2031 1071 2089 etiam

125 2128 222 2188 invitis
235 2127 409 2204 quibusdam
430 2127 503 2196 sciri,
519 2125 589 2202 quid
608 2125 751 2183 defensuri
766 2143 905 2196 essemus,
920 2144 981 2185 non
994 2138 1071 2186 esset

125 2225 330 2305 periculosum.
372 2224 418 2282 Ita
442 2240 604 2299 numquam
633 2223 775 2281 diffitebor
795 2223 885 2282 multa
905 2243 962 2295 me,
983 2236 1015 2284 ut
1033 2225 1071 2283 ad

126 2323 264 2382 effectum
294 2323 398 2381 horum
427 2321 615 2381 consiliorum
642 2322 831 2397 pervenirem,
860 2331 889 2380 et
920 2323 1070 2382 simulasse

126 2420 249 2480 invitum
277 2431 306 2480 et
330 2419 527 2479 dissimulasse
550 2418 749 2489 cumdolore,
775 2421 862 2495 quod,
887 2431 1070 2497 praematura

127 2519 307 2579 denuntiatio
322 2518 393 2576 boni
413 2518 482 2576 civis
496 2517 629 2594 imparati
648 2535 737 2592 quam
756 2518 920 2593 periculosa
934 2529 1019 2590 esset,
1034 2536 1070 2576 ex

124 2636 196 2677 casu
211 2616 339 2692 collegae
354 2615 495 2673 videbam.
539 2628 566 2690 5.
588 2614 658 2687 Quo
677 2617 796 2673 nomine
810 2617 898 2674 etiam
912 2616 945 2676 C.
961 2616 1070 2675 Furnio

124 2717 230 2792 legato,
245 2714 305 2771 viro
326 2713 391 2770 forti
414 2722 500 2787 atque
523 2722 648 2783 strenuo,
663 2713 746 2789 plura
767 2715 854 2772 etiam
873 2716 962 2772 verbo
981 2731 1070 2790 quam

124 2813 266 2889 scriptura
286 2810 424 2869 mandata
446 2809 589 2880 dedimus
603 2820 635 2867 ut
656 2820 685 2868 et
707 2811 809 2870 tectius
829 2811 867 2869 ad
887 2829 940 2869 vos
960 2811 1070 2886 perfer-

123 2920 224 2972 rentur
237 2920 266 2968 et
285 2926 341 2967 nos
355 2926 486 2966 essemus
508 2909 635 2977 tutiores,
651 2910 813 2985 quibusque
834 2909 920 2968 rebus
939 2919 967 2968 et
987 2926 1070 2968 com·

122 3026 245 3068 munem
269 3006 390 3065 salutem
414 3005 519 3062 muniri
542 3015 571 3063 et
593 3023 648 3064 nos
672 3010 776 3066 armari
799 3008 963 3066 cenveniret
984 3025 1069 3084 prae-

122 3107 264 3183 cepimus.
306 3104 352 3161 Ex
377 3122 436 3179 quo
464 3103 590 3179 intellegi
617 3115 713 3180 potest
740 3124 842 3164 curam
868 3106 909 3164 rei
935 3106 1068 3182 publicae

124 3221 238 3264 summe
266 3201 466 3260 defendendae
497 3202 555 3259 iam
585 3203 697 3278 pridem
726 3203 804 3279 apud
832 3221 888 3264 nos
915 3206 1068 3264 excubare.

125 3305 153 3360 6.
175 3301 271 3372 Nunc,
286 3317 353 3358 cum
373 3300 461 3358 deum
478 3300 657 3375 benignitate
673 3303 711 3360 ab
725 3303 806 3360 omni
824 3321 855 3361 re
870 3321 969 3361 sumus
983 3321 1068 3379 para-

123 3400 220 3471 tiores,
241 3416 303 3458 non
330 3397 424 3458 solum
445 3399 521 3458 bene
543 3415 658 3477 sperare
679 3399 716 3460 de
737 3399 823 3460 nobis
850 3399 994 3476 homines,
1015 3400 1068 3461 sed

568 3514 618 3558 82
