<?xml version="1.0" encoding="UTF-8"?>
<!DOCTYPE html PUBLIC "-//W3C//DTD XHTML 1.0 Transitional//EN"
    "http://www.w3.org/TR/xhtml1/DTD/xhtml1-transitional.dtd">
<html xmlns="http://www.w3.org/1999/xhtml" xml:lang="en" lang="en">
 <head>
  <title>
</title>
<meta http-equiv="Content-Type" content="text/html;charset=utf-8" />
  <meta name='ocr-system' content='tesseract 3.04.00' />
  <meta name='ocr-capabilities' content='ocr_page ocr_carea ocr_par ocr_line ocrx_word'/>
</head>
<body>
  <div class='ocr_page' id='page_1' title='image "./epistolaeselect00cicegoog/epistolaeselect00cicegoog_0117.png"; bbox 0 0 2392 3848; ppageno 0'>
   <div class='ocr_carea' id='block_1_1' title="bbox 123 200 1068 291">
    <p class='ocr_par' dir='ltr' id='par_1_1' title="bbox 123 200 1068 291">
     <span class='ocr_line' id='line_1_1' title="bbox 123 200 1068 291; baseline -0.002 -22"><span class='ocrx_word' id='word_1_1' title='bbox 123 218 168 283; x_wconf 59' lang='lat' dir='ltr'>aa</span> <span class='ocrx_word' id='word_1_2' title='bbox 184 200 243 291; x_wconf 56' lang='lat'>35]</span> <span class='ocrx_word' id='word_1_3' title='bbox 302 216 416 269; x_wconf 68' lang='lat' dir='ltr'>uersa·</span> <span class='ocrx_word' id='word_1_4' title='bbox 438 215 489 265; x_wconf 75' lang='lat' dir='ltr'>An</span> <span class='ocrx_word' id='word_1_5' title='bbox 508 217 732 267; x_wconf 74' lang='lat' dir='ltr'>rnuumnrs</span> <span class='ocrx_word' id='word_1_6' title='bbox 756 218 834 269; x_wconf 74' lang='lat' dir='ltr'>Vm.</span> <span class='ocrx_word' id='word_1_7' title='bbox 858 203 887 267; x_wconf 87' lang='lat'>6.</span> <span class='ocrx_word' id='word_1_8' title='bbox 1009 218 1068 267; x_wconf 86' lang='lat'>101</span> 
     </span>
    </p>
   </div>
   <div class='ocr_carea' id='block_1_2' title="bbox 121 364 1072 3465">
    <p class='ocr_par' dir='ltr' id='par_1_2' title="bbox 121 364 1072 3465">
     <span class='ocr_line' id='line_1_2' title="bbox 122 364 1071 437; baseline -0.001 -12"><span class='ocrx_word' id='word_1_9' title='bbox 122 364 174 425; x_wconf 79' lang='lat' dir='ltr'>tibi</span> <span class='ocrx_word' id='word_1_10' title='bbox 195 364 234 424; x_wconf 89' lang='lat' dir='ltr'>de</span> <span class='ocrx_word' id='word_1_11' title='bbox 255 373 317 425; x_wconf 89' lang='lat' dir='ltr'>tota</span> <span class='ocrx_word' id='word_1_12' title='bbox 336 384 367 424; x_wconf 90' lang='lat' dir='ltr'>re</span> <span class='ocrx_word' id='word_1_13' title='bbox 379 372 472 426; x_wconf 80' lang='lat' dir='ltr'>&#39;esset</span> <span class='ocrx_word' id='word_1_14' title='bbox 513 365 610 437; x_wconf 88' lang='lat' dir='ltr'>Nunc,</span> <span class='ocrx_word' id='word_1_15' title='bbox 632 367 655 426; x_wconf 92' lang='lat' dir='ltr'>si</span> <span class='ocrx_word' id='word_1_16' title='bbox 675 367 713 425; x_wconf 92' lang='lat' dir='ltr'>ad</span> <span class='ocrx_word' id='word_1_17' title='bbox 734 368 812 425; x_wconf 86' lang='lat' dir='ltr'>illam</span> <span class='ocrx_word' id='word_1_18' title='bbox 833 369 976 425; x_wconf 86' lang='lat' dir='ltr'>summam</span> <span class='ocrx_word' id='word_1_19' title='bbox 998 365 1071 424; x_wconf 80' lang='lat' dir='ltr'>ve&#39;ri·</span> 
     </span>
     <span class='ocr_line' id='line_1_3' title="bbox 122 462 1070 540; baseline 0 -19"><span class='ocrx_word' id='word_1_20' title='bbox 122 472 214 521; x_wconf 83' lang='lat' dir='ltr'>tatem</span> <span class='ocrx_word' id='word_1_21' title='bbox 241 462 402 538; x_wconf 88' lang='lat' dir='ltr'>legitimum</span> <span class='ocrx_word' id='word_1_22' title='bbox 427 464 471 522; x_wconf 89' lang='lat' dir='ltr'>ius</span> <span class='ocrx_word' id='word_1_23' title='bbox 504 466 643 540; x_wconf 88' lang='lat' dir='ltr'>exegeris,</span> <span class='ocrx_word' id='word_1_24' title='bbox 672 465 832 522; x_wconf 90' lang='lat' dir='ltr'>cavendum</span> <span class='ocrx_word' id='word_1_25' title='bbox 865 465 915 521; x_wconf 94' lang='lat' dir='ltr'>tibi</span> <span class='ocrx_word' id='word_1_26' title='bbox 947 463 999 520; x_wconf 86' lang='lat' dir='ltr'>erit</span> <span class='ocrx_word' id='word_1_27' title='bbox 1032 481 1070 521; x_wconf 92' lang='lat' dir='ltr'>ne</span> 
     </span>
     <span class='ocr_line' id='line_1_4' title="bbox 122 560 1070 637; baseline -0.001 -20"><span class='ocrx_word' id='word_1_28' title='bbox 122 576 229 637; x_wconf 86' lang='lat' dir='ltr'>parum</span> <span class='ocrx_word' id='word_1_29' title='bbox 255 560 422 636; x_wconf 90' lang='lat' dir='ltr'>simpliciter</span> <span class='ocrx_word' id='word_1_30' title='bbox 445 572 473 620; x_wconf 92' lang='lat' dir='ltr'>et</span> <span class='ocrx_word' id='word_1_31' title='bbox 501 562 623 620; x_wconf 85' lang='lat' dir='ltr'>candide</span> <span class='ocrx_word' id='word_1_32' title='bbox 651 562 814 637; x_wconf 73' lang='lat' dir='ltr'>deposuisse</span> <span class='ocrx_word' id='word_1_33' title='bbox 844 560 1006 618; x_wconf 85' lang='lat' dir='ltr'>inimicitias</span> <span class='ocrx_word' id='word_1_34' title='bbox 1029 560 1070 617; x_wconf 91' lang='lat' dir='ltr'>vi·</span> 
     </span>
     <span class='ocr_line' id='line_1_5' title="bbox 122 656 1071 736; baseline -0.002 -19"><span class='ocrx_word' id='word_1_35' title='bbox 122 656 227 717; x_wconf 86' lang='lat' dir='ltr'>dearis.</span> <span class='ocrx_word' id='word_1_36' title='bbox 269 658 305 716; x_wconf 88' lang='lat' dir='ltr'>In</span> <span class='ocrx_word' id='word_1_37' title='bbox 329 658 405 716; x_wconf 92' lang='lat' dir='ltr'>hanc</span> <span class='ocrx_word' id='word_1_38' title='bbox 430 669 541 735; x_wconf 86' lang='lat' dir='ltr'>partem</span> <span class='ocrx_word' id='word_1_39' title='bbox 565 677 653 736; x_wconf 89' lang='lat' dir='ltr'>porro</span> <span class='ocrx_word' id='word_1_40' title='bbox 677 669 770 717; x_wconf 91' lang='lat' dir='ltr'>tutum</span> <span class='ocrx_word' id='word_1_41' title='bbox 795 658 846 715; x_wconf 91' lang='lat' dir='ltr'>tibi</span> <span class='ocrx_word' id='word_1_42' title='bbox 870 658 931 726; x_wconf 87' lang='lat' dir='ltr'>erit,</span> <span class='ocrx_word' id='word_1_43' title='bbox 954 657 978 714; x_wconf 92' lang='lat' dir='ltr'>si</span> <span class='ocrx_word' id='word_1_44' title='bbox 1001 657 1071 733; x_wconf 90' lang='lat' dir='ltr'>quid</span> 
     </span>
     <span class='ocr_line' id='line_1_6' title="bbox 122 754 1071 831; baseline 0.001 -20"><span class='ocrx_word' id='word_1_45' title='bbox 122 754 255 825; x_wconf 87' lang='lat' dir='ltr'>volueris,</span> <span class='ocrx_word' id='word_1_46' title='bbox 273 755 441 831; x_wconf 83' lang='lat' dir='ltr'>gratificari;</span> <span class='ocrx_word' id='word_1_47' title='bbox 467 775 555 814; x_wconf 90' lang='lat' dir='ltr'>nemo</span> <span class='ocrx_word' id='word_1_48' title='bbox 572 757 650 815; x_wconf 92' lang='lat' dir='ltr'>enirn</span> <span class='ocrx_word' id='word_1_49' title='bbox 669 756 879 814; x_wconf 84' lang='lat' dir='ltr'>necessitudine</span> <span class='ocrx_word' id='word_1_50' title='bbox 898 765 926 813; x_wconf 94' lang='lat' dir='ltr'>et</span> <span class='ocrx_word' id='word_1_51' title='bbox 945 754 1071 812; x_wconf 89' lang='lat' dir='ltr'>amicitia</span> 
     </span>
     <span class='ocr_line' id='line_1_7' title="bbox 122 850 1071 926; baseline -0.001 -17"><span class='ocrx_word' id='word_1_52' title='bbox 122 860 151 909; x_wconf 86' lang='lat' dir='ltr'>te</span> <span class='ocrx_word' id='word_1_53' title='bbox 169 850 336 910; x_wconf 86' lang='lat' dir='ltr'>deterritum</span> <span class='ocrx_word' id='word_1_54' title='bbox 358 853 396 910; x_wconf 86' lang='lat' dir='ltr'>ab</span> <span class='ocrx_word' id='word_1_55' title='bbox 414 853 511 911; x_wconf 89' lang='lat' dir='ltr'>officio</span> <span class='ocrx_word' id='word_1_56' title='bbox 531 854 614 912; x_wconf 88' lang='lat' dir='ltr'>dicet.</span> <span class='ocrx_word' id='word_1_57' title='bbox 656 853 732 912; x_wconf 93' lang='lat' dir='ltr'>Illud</span> <span class='ocrx_word' id='word_1_58' title='bbox 750 853 821 911; x_wconf 90' lang='lat' dir='ltr'>mihi</span> <span class='ocrx_word' id='word_1_59' title='bbox 840 852 971 919; x_wconf 91' lang='lat' dir='ltr'>occurrit,</span> <span class='ocrx_word' id='word_1_60' title='bbox 990 850 1071 926; x_wconf 92' lang='lat' dir='ltr'>quod</span> 
     </span>
     <span class='ocr_line' id='line_1_8' title="bbox 121 949 1070 1025; baseline -0.002 -18"><span class='ocrx_word' id='word_1_61' title='bbox 121 949 197 1007; x_wconf 82' lang='lat' dir='ltr'>iuter</span> <span class='ocrx_word' id='word_1_62' title='bbox 216 950 443 1025; x_wconf 88' lang='lat' dir='ltr'>postulationem</span> <span class='ocrx_word' id='word_1_63' title='bbox 464 960 493 1009; x_wconf 89' lang='lat' dir='ltr'>et</span> <span class='ocrx_word' id='word_1_64' title='bbox 513 951 640 1010; x_wconf 89' lang='lat' dir='ltr'>nominis</span> <span class='ocrx_word' id='word_1_65' title='bbox 659 951 832 1009; x_wconf 89' lang='lat' dir='ltr'>delationem</span> <span class='ocrx_word' id='word_1_66' title='bbox 851 968 925 1007; x_wconf 85' lang='lat' dir='ltr'>uxor</span> <span class='ocrx_word' id='word_1_67' title='bbox 943 968 961 1007; x_wconf 90' lang='lat' dir='ltr'>a</span> <span class='ocrx_word' id='word_1_68' title='bbox 980 949 1070 1006; x_wconf 92' lang='lat' dir='ltr'>Dola-</span> 
     </span>
     <span class='ocr_line' id='line_1_9' title="bbox 122 1044 1070 1120; baseline -0.002 -15"><span class='ocrx_word' id='word_1_69' title='bbox 122 1044 200 1105; x_wconf 86' lang='lat' dir='ltr'>bella</span> <span class='ocrx_word' id='word_1_70' title='bbox 215 1047 357 1106; x_wconf 89' lang='lat' dir='ltr'>discessit.</span> <span class='ocrx_word' id='word_1_71' title='bbox 401 1065 427 1106; x_wconf 82' lang='lat'>2.</span> <span class='ocrx_word' id='word_1_72' title='bbox 449 1048 529 1120; x_wconf 88' lang='lat' dir='ltr'>Quid</span> <span class='ocrx_word' id='word_1_73' title='bbox 549 1049 620 1106; x_wconf 94' lang='lat' dir='ltr'>mihi</span> <span class='ocrx_word' id='word_1_74' title='bbox 649 1048 802 1106; x_wconf 89' lang='lat' dir='ltr'>discedens</span> <span class='ocrx_word' id='word_1_75' title='bbox 830 1046 983 1114; x_wconf 85' lang='lat' dir='ltr'>mandaris,</span> <span class='ocrx_word' id='word_1_76' title='bbox 1008 1064 1070 1103; x_wconf 91' lang='lat' dir='ltr'>me·</span> 
     </span>
     <span class='ocr_line' id='line_1_10' title="bbox 122 1142 1069 1221; baseline -0.001 -20"><span class='ocrx_word' id='word_1_77' title='bbox 122 1142 212 1216; x_wconf 86' lang='lat' dir='ltr'>mini;</span> <span class='ocrx_word' id='word_1_78' title='bbox 234 1144 305 1220; x_wconf 89' lang='lat' dir='ltr'>quid</span> <span class='ocrx_word' id='word_1_79' title='bbox 325 1162 382 1221; x_wconf 86' lang='lat' dir='ltr'>ego</span> <span class='ocrx_word' id='word_1_80' title='bbox 404 1146 454 1202; x_wconf 90' lang='lat' dir='ltr'>tibi</span> <span class='ocrx_word' id='word_1_81' title='bbox 475 1147 645 1221; x_wconf 88' lang='lat' dir='ltr'>scripserim,</span> <span class='ocrx_word' id='word_1_82' title='bbox 667 1156 695 1203; x_wconf 90' lang='lat' dir='ltr'>te</span> <span class='ocrx_word' id='word_1_83' title='bbox 716 1164 777 1203; x_wconf 92' lang='lat' dir='ltr'>non</span> <span class='ocrx_word' id='word_1_84' title='bbox 799 1146 919 1203; x_wconf 88' lang='lat' dir='ltr'>arbitror</span> <span class='ocrx_word' id='word_1_85' title='bbox 939 1144 1069 1201; x_wconf 89' lang='lat' dir='ltr'>oblitum.</span> 
     </span>
     <span class='ocr_line' id='line_1_11' title="bbox 123 1238 1070 1319; baseline -0.004 -18"><span class='ocrx_word' id='word_1_86' title='bbox 123 1238 195 1301; x_wconf 90' lang='lat' dir='ltr'>Non</span> <span class='ocrx_word' id='word_1_87' title='bbox 209 1253 255 1301; x_wconf 89' lang='lat' dir='ltr'>est</span> <span class='ocrx_word' id='word_1_88' title='bbox 268 1242 324 1301; x_wconf 91' lang='lat' dir='ltr'>iam</span> <span class='ocrx_word' id='word_1_89' title='bbox 339 1253 454 1319; x_wconf 92' lang='lat' dir='ltr'>tempus</span> <span class='ocrx_word' id='word_1_90' title='bbox 470 1242 551 1318; x_wconf 90' lang='lat' dir='ltr'>plura</span> <span class='ocrx_word' id='word_1_91' title='bbox 569 1243 712 1303; x_wconf 89' lang='lat' dir='ltr'>narrandi.</span> <span class='ocrx_word' id='word_1_92' title='bbox 753 1243 854 1301; x_wconf 91' lang='lat' dir='ltr'>Unum</span> <span class='ocrx_word' id='word_1_93' title='bbox 868 1242 937 1301; x_wconf 92' lang='lat' dir='ltr'>illud</span> <span class='ocrx_word' id='word_1_94' title='bbox 951 1259 1070 1299; x_wconf 90' lang='lat' dir='ltr'>monere</span> 
     </span>
     <span class='ocr_line' id='line_1_12' title="bbox 122 1338 1071 1415; baseline -0.002 -18"><span class='ocrx_word' id='word_1_95' title='bbox 122 1348 153 1397; x_wconf 87' lang='lat' dir='ltr'>te</span> <span class='ocrx_word' id='word_1_96' title='bbox 175 1356 315 1415; x_wconf 85' lang='lat' dir='ltr'>possum:</span> <span class='ocrx_word' id='word_1_97' title='bbox 338 1341 363 1398; x_wconf 92' lang='lat' dir='ltr'>si</span> <span class='ocrx_word' id='word_1_98' title='bbox 383 1358 429 1397; x_wconf 89' lang='lat' dir='ltr'>res</span> <span class='ocrx_word' id='word_1_99' title='bbox 451 1340 502 1399; x_wconf 93' lang='lat' dir='ltr'>tibi</span> <span class='ocrx_word' id='word_1_100' title='bbox 524 1358 586 1398; x_wconf 90' lang='lat' dir='ltr'>non</span> <span class='ocrx_word' id='word_1_101' title='bbox 607 1340 776 1415; x_wconf 77' lang='lat' dir='ltr'>displicebit</span> <span class='ocrx_word' id='word_1_102' title='bbox 799 1351 895 1397; x_wconf 93' lang='lat' dir='ltr'>tamen</span> <span class='ocrx_word' id='word_1_103' title='bbox 918 1338 975 1396; x_wconf 93' lang='lat' dir='ltr'>hoc</span> <span class='ocrx_word' id='word_1_104' title='bbox 997 1351 1071 1396; x_wconf 91' lang='lat' dir='ltr'>tem·</span> 
     </span>
     <span class='ocr_line' id='line_1_13' title="bbox 122 1435 1070 1513; baseline -0.001 -20"><span class='ocrx_word' id='word_1_105' title='bbox 122 1452 197 1513; x_wconf 88' lang='lat' dir='ltr'>pore</span> <span class='ocrx_word' id='word_1_106' title='bbox 217 1436 288 1495; x_wconf 91' lang='lat' dir='ltr'>nihil</span> <span class='ocrx_word' id='word_1_107' title='bbox 307 1437 344 1496; x_wconf 89' lang='lat' dir='ltr'>de</span> <span class='ocrx_word' id='word_1_108' title='bbox 362 1446 413 1494; x_wconf 86' lang='lat' dir='ltr'>tua</span> <span class='ocrx_word' id='word_1_109' title='bbox 430 1435 578 1496; x_wconf 87' lang='lat' dir='ltr'>voluntate</span> <span class='ocrx_word' id='word_1_110' title='bbox 598 1436 744 1507; x_wconf 88' lang='lat' dir='ltr'>ostendas,</span> <span class='ocrx_word' id='word_1_111' title='bbox 763 1447 792 1494; x_wconf 90' lang='lat' dir='ltr'>et</span> <span class='ocrx_word' id='word_1_112' title='bbox 811 1446 963 1513; x_wconf 83' lang='lat' dir='ltr'>exspectes</span> <span class='ocrx_word' id='word_1_113' title='bbox 982 1453 1070 1511; x_wconf 89' lang='lat' dir='ltr'>quem</span> 
     </span>
     <span class='ocr_line' id='line_1_14' title="bbox 123 1532 1071 1609; baseline -0.002 -17"><span class='ocrx_word' id='word_1_114' title='bbox 123 1532 162 1593; x_wconf 83' lang='lat' dir='ltr'>ad</span> <span class='ocrx_word' id='word_1_115' title='bbox 189 1534 313 1592; x_wconf 88' lang='lat' dir='ltr'>modurn</span> <span class='ocrx_word' id='word_1_116' title='bbox 342 1543 428 1592; x_wconf 88' lang='lat' dir='ltr'>exeat</span> <span class='ocrx_word' id='word_1_117' title='bbox 456 1552 493 1592; x_wconf 85' lang='lat' dir='ltr'>ex</span> <span class='ocrx_word' id='word_1_118' title='bbox 523 1534 578 1592; x_wconf 88' lang='lat' dir='ltr'>hac</span> <span class='ocrx_word' id='word_1_119' title='bbox 607 1552 710 1605; x_wconf 80' lang='lat' dir='ltr'>causa3</span> <span class='ocrx_word' id='word_1_120' title='bbox 743 1533 868 1609; x_wconf 90' lang='lat' dir='ltr'>denique</span> <span class='ocrx_word' id='word_1_121' title='bbox 898 1533 1071 1591; x_wconf 90' lang='lat' dir='ltr'>invidiosum</span> 
     </span>
     <span class='ocr_line' id='line_1_15' title="bbox 123 1629 1071 1707; baseline -0.004 -16"><span class='ocrx_word' id='word_1_122' title='bbox 123 1629 177 1691; x_wconf 90' lang='lat' dir='ltr'>tibi</span> <span class='ocrx_word' id='word_1_123' title='bbox 204 1632 250 1702; x_wconf 91' lang='lat' dir='ltr'>sit,</span> <span class='ocrx_word' id='word_1_124' title='bbox 278 1633 303 1691; x_wconf 87' lang='lat' dir='ltr'>si</span> <span class='ocrx_word' id='word_1_125' title='bbox 330 1632 485 1701; x_wconf 89' lang='lat' dir='ltr'>emanarit;</span> <span class='ocrx_word' id='word_1_126' title='bbox 518 1649 614 1707; x_wconf 92' lang='lat' dir='ltr'>porro,</span> <span class='ocrx_word' id='word_1_127' title='bbox 642 1631 674 1688; x_wconf 77' lang='lat' dir='ltr'>si</span> <span class='ocrx_word' id='word_1_128' title='bbox 703 1631 873 1705; x_wconf 84' lang='lat' dir='ltr'>significatio</span> <span class='ocrx_word' id='word_1_129' title='bbox 901 1631 959 1688; x_wconf 91' lang='lat' dir='ltr'>ulla</span> <span class='ocrx_word' id='word_1_130' title='bbox 986 1631 1071 1688; x_wconf 90' lang='lat' dir='ltr'>inter·</span> 
     </span>
     <span class='ocr_line' id='line_1_16' title="bbox 124 1727 1070 1804; baseline -0.002 -17"><span class='ocrx_word' id='word_1_131' title='bbox 124 1728 252 1800; x_wconf 87' lang='lat' dir='ltr'>cesserit,</span> <span class='ocrx_word' id='word_1_132' title='bbox 272 1730 383 1799; x_wconf 91' lang='lat' dir='ltr'>clarius,</span> <span class='ocrx_word' id='word_1_133' title='bbox 401 1747 489 1804; x_wconf 92' lang='lat' dir='ltr'>quam</span> <span class='ocrx_word' id='word_1_134' title='bbox 511 1729 612 1786; x_wconf 88' lang='lat' dir='ltr'>deceat</span> <span class='ocrx_word' id='word_1_135' title='bbox 633 1737 683 1785; x_wconf 91' lang='lat' dir='ltr'>aut</span> <span class='ocrx_word' id='word_1_136' title='bbox 703 1728 845 1802; x_wconf 89' lang='lat' dir='ltr'>expediat,</span> <span class='ocrx_word' id='word_1_137' title='bbox 866 1728 922 1786; x_wconf 89' lang='lat' dir='ltr'>fiat.</span> <span class='ocrx_word' id='word_1_138' title='bbox 966 1727 1070 1802; x_wconf 89' lang='lat' dir='ltr'>Neque</span> 
     </span>
     <span class='ocr_line' id='line_1_17' title="bbox 123 1824 1071 1901; baseline -0.004 -16"><span class='ocrx_word' id='word_1_139' title='bbox 123 1824 172 1885; x_wconf 91' lang='lat' dir='ltr'>ille</span> <span class='ocrx_word' id='word_1_140' title='bbox 191 1836 287 1885; x_wconf 88' lang='lat' dir='ltr'>tacere</span> <span class='ocrx_word' id='word_1_141' title='bbox 308 1844 374 1883; x_wconf 90' lang='lat' dir='ltr'>eam</span> <span class='ocrx_word' id='word_1_142' title='bbox 395 1844 457 1883; x_wconf 92' lang='lat' dir='ltr'>rem</span> <span class='ocrx_word' id='word_1_143' title='bbox 477 1825 589 1901; x_wconf 86' lang='lat' dir='ltr'>poterit,</span> <span class='ocrx_word' id='word_1_144' title='bbox 609 1843 683 1901; x_wconf 89' lang='lat' dir='ltr'>quae</span> <span class='ocrx_word' id='word_1_145' title='bbox 706 1843 774 1883; x_wconf 90' lang='lat' dir='ltr'>suae</span> <span class='ocrx_word' id='word_1_146' title='bbox 798 1826 860 1901; x_wconf 86' lang='lat' dir='ltr'>spei</span> <span class='ocrx_word' id='word_1_147' title='bbox 881 1835 941 1883; x_wconf 89' lang='lat' dir='ltr'>tam</span> <span class='ocrx_word' id='word_1_148' title='bbox 961 1842 1071 1900; x_wconf 89' lang='lat' dir='ltr'>oppor-</span> 
     </span>
     <span class='ocr_line' id='line_1_18' title="bbox 122 1923 1070 1998; baseline -0.006 -15"><span class='ocrx_word' id='word_1_149' title='bbox 122 1932 196 1983; x_wconf 87' lang='lat' dir='ltr'>tuna</span> <span class='ocrx_word' id='word_1_150' title='bbox 223 1923 360 1982; x_wconf 86' lang='lat' dir='ltr'>acciderit</span> <span class='ocrx_word' id='word_1_151' title='bbox 389 1940 522 1998; x_wconf 87' lang='lat' dir='ltr'>quaeque</span> <span class='ocrx_word' id='word_1_152' title='bbox 554 1924 584 1981; x_wconf 91' lang='lat' dir='ltr'>in</span> <span class='ocrx_word' id='word_1_153' title='bbox 618 1923 736 1997; x_wconf 83' lang='lat' dir='ltr'>negotio</span> <span class='ocrx_word' id='word_1_154' title='bbox 770 1923 953 1981; x_wconf 89' lang='lat' dir='ltr'>conficiendo</span> <span class='ocrx_word' id='word_1_155' title='bbox 988 1930 1070 1980; x_wconf 91' lang='lat' dir='ltr'>tanto</span> 
     </span>
     <span class='ocr_line' id='line_1_19' title="bbox 123 2020 1070 2096; baseline -0.003 -17"><span class='ocrx_word' id='word_1_156' title='bbox 123 2021 259 2079; x_wconf 86' lang='lat' dir='ltr'>illustrior</span> <span class='ocrx_word' id='word_1_157' title='bbox 279 2022 348 2092; x_wconf 90' lang='lat' dir='ltr'>erit;</span> <span class='ocrx_word' id='word_1_158' title='bbox 375 2038 441 2078; x_wconf 92' lang='lat' dir='ltr'>cum</span> <span class='ocrx_word' id='word_1_159' title='bbox 463 2021 629 2096; x_wconf 88' lang='lat' dir='ltr'>praesertim</span> <span class='ocrx_word' id='word_1_160' title='bbox 651 2022 675 2078; x_wconf 91' lang='lat' dir='ltr'>is</span> <span class='ocrx_word' id='word_1_161' title='bbox 697 2022 741 2091; x_wconf 91' lang='lat' dir='ltr'>sit,</span> <span class='ocrx_word' id='word_1_162' title='bbox 756 2021 814 2095; x_wconf 91' lang='lat' dir='ltr'>qui,</span> <span class='ocrx_word' id='word_1_163' title='bbox 830 2021 853 2078; x_wconf 95' lang='lat' dir='ltr'>si</span> <span class='ocrx_word' id='word_1_164' title='bbox 874 2020 1070 2096; x_wconf 90' lang='lat' dir='ltr'>perniciosum</span> 
     </span>
     <span class='ocr_line' id='line_1_20' title="bbox 123 2116 1068 2194; baseline -0.004 -15"><span class='ocrx_word' id='word_1_165' title='bbox 123 2119 211 2179; x_wconf 83' lang='lat' dir='ltr'>sciret</span> <span class='ocrx_word' id='word_1_166' title='bbox 238 2136 303 2178; x_wconf 87' lang='lat' dir='ltr'>esse</span> <span class='ocrx_word' id='word_1_167' title='bbox 329 2119 409 2194; x_wconf 90' lang='lat' dir='ltr'>loqui</span> <span class='ocrx_word' id='word_1_168' title='bbox 436 2118 473 2176; x_wconf 92' lang='lat' dir='ltr'>de</span> <span class='ocrx_word' id='word_1_169' title='bbox 500 2117 555 2176; x_wconf 90' lang='lat' dir='ltr'>hac</span> <span class='ocrx_word' id='word_1_170' title='bbox 580 2137 619 2188; x_wconf 91' lang='lat' dir='ltr'>re,</span> <span class='ocrx_word' id='word_1_171' title='bbox 640 2119 687 2174; x_wconf 82' lang='lat' dir='ltr'>vix</span> <span class='ocrx_word' id='word_1_172' title='bbox 715 2128 813 2174; x_wconf 88' lang='lat' dir='ltr'>tamen</span> <span class='ocrx_word' id='word_1_173' title='bbox 841 2135 871 2175; x_wconf 91' lang='lat' dir='ltr'>se</span> <span class='ocrx_word' id='word_1_174' title='bbox 900 2116 1068 2175; x_wconf 88' lang='lat' dir='ltr'>contineret.</span> 
     </span>
     <span class='ocr_line' id='line_1_21' title="bbox 125 2215 1070 2293; baseline -0.003 -18"><span class='ocrx_word' id='word_1_175' title='bbox 125 2236 154 2293; x_wconf 78' lang='lat'>3.</span> <span class='ocrx_word' id='word_1_176' title='bbox 175 2216 335 2293; x_wconf 87' lang='lat' dir='ltr'>Pompeius</span> <span class='ocrx_word' id='word_1_177' title='bbox 354 2215 457 2273; x_wconf 91' lang='lat' dir='ltr'>dicitur</span> <span class='ocrx_word' id='word_1_178' title='bbox 477 2215 560 2273; x_wconf 87' lang='lat' dir='ltr'>valde</span> <span class='ocrx_word' id='word_1_179' title='bbox 581 2233 635 2291; x_wconf 93' lang='lat' dir='ltr'>pro</span> <span class='ocrx_word' id='word_1_180' title='bbox 656 2215 753 2291; x_wconf 89' lang='lat' dir='ltr'>Appio</span> <span class='ocrx_word' id='word_1_181' title='bbox 774 2215 913 2284; x_wconf 90' lang='lat' dir='ltr'>laborare,</span> <span class='ocrx_word' id='word_1_182' title='bbox 933 2224 964 2272; x_wconf 92' lang='lat' dir='ltr'>ut</span> <span class='ocrx_word' id='word_1_183' title='bbox 983 2215 1070 2272; x_wconf 89' lang='lat' dir='ltr'>etiam</span> 
     </span>
     <span class='ocr_line' id='line_1_22' title="bbox 122 2312 1071 2391; baseline -0.002 -18"><span class='ocrx_word' id='word_1_184' title='bbox 122 2324 229 2391; x_wconf 87' lang='lat' dir='ltr'>putent</span> <span class='ocrx_word' id='word_1_185' title='bbox 246 2314 366 2373; x_wconf 85' lang='lat' dir='ltr'>alterum</span> <span class='ocrx_word' id='word_1_186' title='bbox 384 2322 480 2370; x_wconf 90' lang='lat' dir='ltr'>utrum</span> <span class='ocrx_word' id='word_1_187' title='bbox 495 2312 531 2371; x_wconf 92' lang='lat' dir='ltr'>de</span> <span class='ocrx_word' id='word_1_188' title='bbox 551 2312 614 2369; x_wconf 89' lang='lat' dir='ltr'>filiis</span> <span class='ocrx_word' id='word_1_189' title='bbox 634 2312 671 2369; x_wconf 89' lang='lat' dir='ltr'>ad</span> <span class='ocrx_word' id='word_1_190' title='bbox 690 2322 718 2369; x_wconf 91' lang='lat' dir='ltr'>te</span> <span class='ocrx_word' id='word_1_191' title='bbox 736 2313 900 2370; x_wconf 90' lang='lat' dir='ltr'>missurum.</span> <span class='ocrx_word' id='word_1_192' title='bbox 942 2312 1001 2370; x_wconf 93' lang='lat' dir='ltr'>Hic</span> <span class='ocrx_word' id='word_1_193' title='bbox 1016 2330 1071 2372; x_wconf 91' lang='lat' dir='ltr'>nos</span> 
     </span>
     <span class='ocr_line' id='line_1_23' title="bbox 124 2410 1072 2486; baseline -0.003 -13"><span class='ocrx_word' id='word_1_194' title='bbox 124 2430 231 2473; x_wconf 88' lang='lat' dir='ltr'>omnes</span> <span class='ocrx_word' id='word_1_195' title='bbox 252 2411 444 2483; x_wconf 88' lang='lat' dir='ltr'>absolvimus;</span> <span class='ocrx_word' id='word_1_196' title='bbox 475 2420 503 2470; x_wconf 87' lang='lat' dir='ltr'>et</span> <span class='ocrx_word' id='word_1_197' title='bbox 526 2410 656 2468; x_wconf 88' lang='lat' dir='ltr'>hercules</span> <span class='ocrx_word' id='word_1_198' title='bbox 681 2421 839 2486; x_wconf 90' lang='lat' dir='ltr'>consaepta</span> <span class='ocrx_word' id='word_1_199' title='bbox 864 2411 964 2468; x_wconf 89' lang='lat' dir='ltr'>omnia</span> <span class='ocrx_word' id='word_1_200' title='bbox 986 2411 1072 2471; x_wconf 79' lang='lat' dir='ltr'>foeda</span> 
     </span>
     <span class='ocr_line' id='line_1_24' title="bbox 124 2507 1072 2571; baseline -0.002 -1"><span class='ocrx_word' id='word_1_201' title='bbox 124 2521 154 2571; x_wconf 92' lang='lat' dir='ltr'>et</span> <span class='ocrx_word' id='word_1_202' title='bbox 180 2510 337 2569; x_wconf 87' lang='lat' dir='ltr'>inhonesta</span> <span class='ocrx_word' id='word_1_203' title='bbox 364 2519 439 2567; x_wconf 91' lang='lat' dir='ltr'>sunt.</span> <span class='ocrx_word' id='word_1_204' title='bbox 493 2507 636 2566; x_wconf 84' lang='lat' dir='ltr'>Consules</span> <span class='ocrx_word' id='word_1_205' title='bbox 664 2520 761 2566; x_wconf 91' lang='lat' dir='ltr'>autern</span> <span class='ocrx_word' id='word_1_206' title='bbox 789 2508 929 2565; x_wconf 88' lang='lat' dir='ltr'>habemus</span> <span class='ocrx_word' id='word_1_207' title='bbox 958 2527 1072 2568; x_wconf 91' lang='lat' dir='ltr'>summa</span> 
     </span>
     <span class='ocr_line' id='line_1_25' title="bbox 124 2604 1072 2684; baseline -0.003 -17"><span class='ocrx_word' id='word_1_208' title='bbox 124 2606 291 2684; x_wconf 83' lang='lat' dir='ltr'>diligentia;</span> <span class='ocrx_word' id='word_1_209' title='bbox 313 2605 407 2663; x_wconf 90' lang='lat' dir='ltr'>adhuc</span> <span class='ocrx_word' id='word_1_210' title='bbox 424 2604 721 2663; x_wconf 86' lang='lat' dir='ltr'>senatusconsultum</span> <span class='ocrx_word' id='word_1_211' title='bbox 741 2606 795 2663; x_wconf 92' lang='lat' dir='ltr'>nisi</span> <span class='ocrx_word' id='word_1_212' title='bbox 814 2606 849 2662; x_wconf 90' lang='lat' dir='ltr'>de</span> <span class='ocrx_word' id='word_1_213' title='bbox 865 2606 942 2663; x_wconf 87' lang='lat' dir='ltr'>feriis</span> <span class='ocrx_word' id='word_1_214' title='bbox 960 2604 1072 2664; x_wconf 87' lang='lat' dir='ltr'>Latinis</span> 
     </span>
     <span class='ocr_line' id='line_1_26' title="bbox 123 2701 1071 2780; baseline -0.003 -17"><span class='ocrx_word' id='word_1_215' title='bbox 123 2704 238 2763; x_wconf 80' lang='lat' dir='ltr'>nullum</span> <span class='ocrx_word' id='word_1_216' title='bbox 251 2704 346 2762; x_wconf 86' lang='lat' dir='ltr'>facere</span> <span class='ocrx_word' id='word_1_217' title='bbox 365 2711 530 2780; x_wconf 88' lang='lat' dir='ltr'>potuerunt.</span> <span class='ocrx_word' id='word_1_218' title='bbox 567 2701 685 2760; x_wconf 88' lang='lat' dir='ltr'>Curioni</span> <span class='ocrx_word' id='word_1_219' title='bbox 705 2714 805 2762; x_wconf 91' lang='lat' dir='ltr'>nostro</span> <span class='ocrx_word' id='word_1_220' title='bbox 823 2704 983 2760; x_wconf 87' lang='lat' dir='ltr'>tribunatus</span> <span class='ocrx_word' id='word_1_221' title='bbox 1002 2721 1071 2761; x_wconf 92' lang='lat' dir='ltr'>con-</span> 
     </span>
     <span class='ocr_line' id='line_1_27' title="bbox 123 2800 1071 2881; baseline -0.002 -21"><span class='ocrx_word' id='word_1_222' title='bbox 123 2802 240 2881; x_wconf 80' lang='lat' dir='ltr'>glaciat.</span> <span class='ocrx_word' id='word_1_223' title='bbox 282 2820 309 2872; x_wconf 86' lang='lat'>4.</span> <span class='ocrx_word' id='word_1_224' title='bbox 332 2800 390 2859; x_wconf 88' lang='lat' dir='ltr'>Sed</span> <span class='ocrx_word' id='word_1_225' title='bbox 414 2800 470 2858; x_wconf 94' lang='lat' dir='ltr'>dici</span> <span class='ocrx_word' id='word_1_226' title='bbox 491 2819 552 2858; x_wconf 92' lang='lat' dir='ltr'>non</span> <span class='ocrx_word' id='word_1_227' title='bbox 573 2811 677 2875; x_wconf 91' lang='lat' dir='ltr'>potest,</span> <span class='ocrx_word' id='word_1_228' title='bbox 702 2820 761 2878; x_wconf 91' lang='lat' dir='ltr'>quo</span> <span class='ocrx_word' id='word_1_229' title='bbox 786 2802 876 2859; x_wconf 94' lang='lat' dir='ltr'>modo</span> <span class='ocrx_word' id='word_1_230' title='bbox 904 2801 951 2858; x_wconf 90' lang='lat' dir='ltr'>hic</span> <span class='ocrx_word' id='word_1_231' title='bbox 972 2801 1071 2858; x_wconf 90' lang='lat' dir='ltr'>omnia</span> 
     </span>
     <span class='ocr_line' id='line_1_28' title="bbox 123 2898 1069 2974; baseline -0.006 -15"><span class='ocrx_word' id='word_1_232' title='bbox 123 2902 255 2959; x_wconf 81' lang='lat' dir='ltr'>iaceant:</span> <span class='ocrx_word' id='word_1_233' title='bbox 278 2898 332 2955; x_wconf 92' lang='lat' dir='ltr'>nisi</span> <span class='ocrx_word' id='word_1_234' title='bbox 353 2915 410 2973; x_wconf 81' lang='lat' dir='ltr'>ego</span> <span class='ocrx_word' id='word_1_235' title='bbox 432 2915 498 2956; x_wconf 91' lang='lat' dir='ltr'>cum</span> <span class='ocrx_word' id='word_1_236' title='bbox 520 2899 688 2956; x_wconf 87' lang='lat' dir='ltr'>tabernariis</span> <span class='ocrx_word' id='word_1_237' title='bbox 708 2908 736 2956; x_wconf 90' lang='lat' dir='ltr'>et</span> <span class='ocrx_word' id='word_1_238' title='bbox 756 2899 878 2974; x_wconf 87' lang='lat' dir='ltr'>aquariis</span> <span class='ocrx_word' id='word_1_239' title='bbox 900 2915 1069 2972; x_wconf 84' lang='lat' dir='ltr'>pugnarem,</span> 
     </span>
     <span class='ocr_line' id='line_1_29' title="bbox 123 2994 1072 3071; baseline -0.001 -18"><span class='ocrx_word' id='word_1_240' title='bbox 123 3006 261 3057; x_wconf 79' lang='lat' dir='ltr'>veternus</span> <span class='ocrx_word' id='word_1_241' title='bbox 285 2996 427 3055; x_wconf 84' lang='lat' dir='ltr'>civitatem</span> <span class='ocrx_word' id='word_1_242' title='bbox 450 3006 630 3071; x_wconf 90' lang='lat' dir='ltr'>occupasset.</span> <span class='ocrx_word' id='word_1_243' title='bbox 673 2996 703 3054; x_wconf 92' lang='lat' dir='ltr'>Si</span> <span class='ocrx_word' id='word_1_244' title='bbox 728 2995 824 3054; x_wconf 86' lang='lat' dir='ltr'>Parthi</span> <span class='ocrx_word' id='word_1_245' title='bbox 847 3013 898 3052; x_wconf 91' lang='lat' dir='ltr'>vos</span> <span class='ocrx_word' id='word_1_246' title='bbox 923 2994 992 3051; x_wconf 89' lang='lat' dir='ltr'>nihil</span> <span class='ocrx_word' id='word_1_247' title='bbox 1015 2995 1072 3052; x_wconf 87' lang='lat' dir='ltr'>cal·</span> 
     </span>
     <span class='ocr_line' id='line_1_30' title="bbox 123 3092 1071 3169; baseline -0.003 -16"><span class='ocrx_word' id='word_1_248' title='bbox 123 3094 235 3163; x_wconf 85' lang='lat' dir='ltr'>ficiunt,</span> <span class='ocrx_word' id='word_1_249' title='bbox 256 3110 312 3151; x_wconf 91' lang='lat' dir='ltr'>nos</span> <span class='ocrx_word' id='word_1_250' title='bbox 333 3113 386 3150; x_wconf 86' lang='lat' dir='ltr'>non</span> <span class='ocrx_word' id='word_1_251' title='bbox 407 3094 476 3151; x_wconf 92' lang='lat' dir='ltr'>nihil</span> <span class='ocrx_word' id='word_1_252' title='bbox 498 3093 602 3168; x_wconf 84' lang='lat' dir='ltr'>frigore</span> <span class='ocrx_word' id='word_1_253' title='bbox 623 3094 800 3169; x_wconf 77' lang='lat' dir='ltr'>rigescimus.</span> <span class='ocrx_word' id='word_1_254' title='bbox 852 3092 975 3162; x_wconf 89' lang='lat' dir='ltr'>Tamen,</span> <span class='ocrx_word' id='word_1_255' title='bbox 997 3111 1071 3167; x_wconf 90' lang='lat' dir='ltr'>quo·</span> 
     </span>
     <span class='ocr_line' id='line_1_31' title="bbox 123 3190 1071 3269; baseline 0.001 -20"><span class='ocrx_word' id='word_1_256' title='bbox 123 3208 186 3269; x_wconf 90' lang='lat' dir='ltr'>quo</span> <span class='ocrx_word' id='word_1_257' title='bbox 205 3190 297 3249; x_wconf 88' lang='lat' dir='ltr'>modo</span> <span class='ocrx_word' id='word_1_258' title='bbox 317 3191 418 3266; x_wconf 91' lang='lat' dir='ltr'>potuit,</span> <span class='ocrx_word' id='word_1_259' title='bbox 437 3191 498 3248; x_wconf 92' lang='lat' dir='ltr'>sine</span> <span class='ocrx_word' id='word_1_260' title='bbox 519 3190 630 3247; x_wconf 89' lang='lat' dir='ltr'>Parthis</span> <span class='ocrx_word' id='word_1_261' title='bbox 650 3191 769 3249; x_wconf 89' lang='lat' dir='ltr'>Bibulus</span> <span class='ocrx_word' id='word_1_262' title='bbox 788 3191 817 3247; x_wconf 89' lang='lat' dir='ltr'>in</span> <span class='ocrx_word' id='word_1_263' title='bbox 837 3190 953 3247; x_wconf 86' lang='lat' dir='ltr'>Amano</span> <span class='ocrx_word' id='word_1_264' title='bbox 972 3192 1071 3250; x_wconf 88' lang='lat' dir='ltr'>nescio</span> 
     </span>
     <span class='ocr_line' id='line_1_32' title="bbox 125 3287 1071 3367; baseline -0.001 -20"><span class='ocrx_word' id='word_1_265' title='bbox 125 3287 195 3367; x_wconf 88' lang='lat' dir='ltr'>quid</span> <span class='ocrx_word' id='word_1_266' title='bbox 230 3287 472 3347; x_wconf 91' lang='lat' dir='ltr'>cohorticularum</span> <span class='ocrx_word' id='word_1_267' title='bbox 505 3288 607 3346; x_wconf 90' lang='lat' dir='ltr'>amisit.</span> <span class='ocrx_word' id='word_1_268' title='bbox 649 3289 718 3346; x_wconf 93' lang='lat' dir='ltr'>Hoc</span> <span class='ocrx_word' id='word_1_269' title='bbox 749 3289 791 3346; x_wconf 92' lang='lat' dir='ltr'>sic</span> <span class='ocrx_word' id='word_1_270' title='bbox 823 3290 986 3345; x_wconf 86' lang='lat' dir='ltr'>nuntiatum</span> <span class='ocrx_word' id='word_1_271' title='bbox 1019 3299 1071 3346; x_wconf 88' lang='lat' dir='ltr'>est.</span> 
     </span>
     <span class='ocr_line' id='line_1_33' title="bbox 125 3383 1070 3465; baseline 0.001 -21"><span class='ocrx_word' id='word_1_272' title='bbox 125 3402 152 3465; x_wconf 60' lang='lat'><strong>5</strong></span> <span class='ocrx_word' id='word_1_273' title='bbox 175 3385 269 3461; x_wconf 92' lang='lat' dir='ltr'>Quod</span> <span class='ocrx_word' id='word_1_274' title='bbox 290 3385 341 3443; x_wconf 91' lang='lat' dir='ltr'>tibi</span> <span class='ocrx_word' id='word_1_275' title='bbox 362 3402 448 3460; x_wconf 91' lang='lat' dir='ltr'>supra</span> <span class='ocrx_word' id='word_1_276' title='bbox 472 3386 572 3463; x_wconf 89' lang='lat' dir='ltr'>scripsi</span> <span class='ocrx_word' id='word_1_277' title='bbox 594 3383 751 3444; x_wconf 88' lang='lat' dir='ltr'>Curionem</span> <span class='ocrx_word' id='word_1_278' title='bbox 772 3385 854 3444; x_wconf 87' lang='lat' dir='ltr'>valde</span> <span class='ocrx_word' id='word_1_279' title='bbox 878 3385 990 3462; x_wconf 77' lang='lat' dir='ltr'>frigere,</span> <span class='ocrx_word' id='word_1_280' title='bbox 1012 3386 1070 3445; x_wconf 88' lang='lat' dir='ltr'>iam</span> 
     </span>
    </p>
   </div>
   <div class='ocr_carea' id='block_1_3' title="bbox 0 0 1201 3848">
    <p class='ocr_par' dir='ltr' id='par_1_3' title="bbox 0 0 1201 3848">
     <span class='ocr_line' id='line_1_34' title="bbox 0 0 1201 3848; baseline 0 0"><span class='ocrx_word' id='word_1_281' title='bbox 0 0 1201 3848; x_wconf 95' lang='lat' dir='ltr'> </span> 
     </span>
    </p>
   </div>
  </div>
 </body>
</html>
