2392 3848
130 227 291 312 rp.13,14]
377 240 489 295 arrsr.
511 242 561 290 aa
583 240 749 290 arrroum
767 243 808 294 rr.
832 241 882 311 25.
1027 227 1069 313 35

127 399 272 458 cebamus.
316 397 480 456 Hominum
508 399 626 474 quidem
651 416 765 457 summa
793 415 862 474 erga
889 415 945 455 nos
973 397 1074 455 studia

127 496 367 571 significabantur,
386 496 437 554 sed
457 515 574 572 prorsus
593 497 667 555 vitae
688 496 800 555 taedet:
822 497 864 553 ita
882 505 948 554 sunt
967 496 1067 554 omnia

126 594 258 650 omnium
281 594 460 651 miseriarum
485 594 659 670 plenissima
703 593 798 652 Modo
822 593 943 652 caedem
963 593 1067 650 timue·

126 709 231 761 ramus,
253 709 342 765 quarn
363 691 454 749 oratio
477 690 625 748 fortissimi
639 691 725 761 senis,
746 690 783 762 Q.
800 690 940 761 Considii,
955 690 1069 748 discus·

126 798 219 860 serat3
254 806 296 858 ea,
325 806 415 863 quam
442 789 571 866 quotidie
606 790 707 846 timere
738 798 935 864 potueramus,
971 789 1067 846 subito

125 895 226 943 exorta
240 896 292 943 est.
333 884 412 956 Quid
437 886 572 961 quaeris?
594 885 663 943 nihil
685 903 734 944 me
761 887 972 964 anferrtunatz‘us,
993 885 1070 942 nihil

124 982 297 1040 fortunatius
321 991 364 1040 est
383 981 495 1052 Catulo
516 1001 583 1041 curn
605 983 758 1058 splendore
779 984 862 1055 vitae,
883 985 904 1053 †
923 994 985 1040 tum
1009 983 1067 1042 hoc

124 1088 264 1155 tempore.
306 1079 371 1137 Nos
395 1092 493 1137 tamen
520 1081 550 1137 in
577 1079 622 1137 his
646 1080 767 1137 miseriis
789 1091 886 1138 erecto
909 1081 1007 1138 animo
1037 1089 1066 1137 et

124 1178 244 1235 minime
271 1179 439 1253 perturbato
467 1195 575 1246 sumus,
608 1176 868 1253 honestissimeque
896 1177 1066 1253 dignitatem

124 1285 253 1333 nostram
273 1284 302 1333 et
320 1292 428 1350 magna
441 1292 510 1332 cura
522 1283 642 1332 tuemur.
687 1288 714 1348 5.
735 1274 893 1350 Pompeius
908 1275 945 1333 de
960 1273 1066 1333 Clodio

124 1373 204 1430 iubet
225 1390 280 1430 nos
300 1390 363 1430 esse
383 1373 445 1430 sine
464 1391 533 1430 cura
552 1381 582 1429 et
602 1390 747 1431 summam
765 1373 796 1430 in
816 1391 871 1431 nos
892 1372 1067 1433 benevolen-

125 1471 194 1528 tiam
216 1472 296 1527 omni
324 1471 454 1528 oratione
482 1471 633 1545 significat.
675 1469 721 1527 Te
747 1469 854 1528 habere
879 1470 1067 1529 consiliorum

126 1579 281 1639 auctorem,
315 1568 537 1626 sollicitudinum
565 1569 686 1637 socium,
717 1568 798 1625 omni
831 1568 862 1625 in
890 1567 1066 1642 cogitatione

125 1666 313 1724 coniunctum
329 1667 434 1742 cupio;
456 1684 515 1741 qua
535 1683 574 1736 re,
591 1678 624 1723 ut
643 1665 797 1723 Numestio
814 1665 949 1723 mandavi
969 1676 1066 1723 tecum

125 1771 157 1820 ut
171 1773 276 1837 ageret,
291 1765 359 1819 item
374 1774 460 1837 atque
473 1779 510 1820 eo
524 1763 548 1820 si
563 1772 660 1838 potest
677 1763 771 1820 acrius
790 1772 819 1820 te
837 1780 920 1838 rog0,
934 1771 966 1820 ut
980 1762 1067 1838 plane

124 1859 163 1917 ad
183 1877 239 1919 nos
260 1859 396 1919 advoles:
418 1860 568 1934 respuam,
591 1860 614 1918 si
636 1871 664 1917 te
685 1860 794 1918 videro.

352 2048 398 2101 14.
439 2029 496 2088 AD
516 2029 711 2089 ATTICUM
732 2028 772 2089 II.
795 2044 841 2103 25.
885 2094 898 2115 ἡ,
930 2064 942 2099 ;

271 2135 336 2196 Sca.
359 2135 468 2196 Rouarr
488 2154 581 2195 urrisu
603 2136 730 2206 errrrr,
750 2155 833 2196 nuc
850 2116 930 2211 695.Ι

447 2261 549 2303 CICERO
570 2261 676 2302 ATTICO
696 2261 756 2301 SAL.

168 2368 193 2408 1.
216 2349 285 2408 Curr
306 2349 429 2425 aliquem
450 2350 528 2426 apud
548 2360 576 2408 te
596 2349 716 2408 laudaro
737 2358 853 2407 tuorum
873 2349 1064 2419 familiarium,

124 2447 220 2506 volam
238 2447 317 2504 illurn
337 2448 409 2505 scire
428 2465 464 2505 ex
484 2456 512 2506 te
531 2465 579 2505 me
597 2447 628 2506 id
646 2447 759 2517 fecisse,
773 2456 805 2504 ut
826 2465 919 2522 nuper
940 2466 987 2505 me
1009 2449 1065 2506 scis

126 2545 273 2619 scripsisse
298 2544 335 2601 ad
356 2554 384 2602 te
406 2544 442 2602 de
463 2544 601 2602 Varronis
623 2562 692 2619 erga
713 2563 759 2602 me
781 2543 887 2614 officio
909 2554 937 2604 te
958 2545 997 2603 ad
1018 2562 1065 2602 me

125 2641 304 2716 rescripsisse
319 2660 383 2699 earn
398 2660 459 2699 rem
474 2660 605 2700 summae
618 2643 670 2699 tibi
683 2642 822 2717 voluptati
837 2660 919 2715 esse,
941 2642 993 2701 sed
1007 2660 1064 2717 ego
1100 2712 1102 2717 ,
1117 2697 1120 2701 .

125 2738 240 2795 mallem
262 2739 299 2796 ad
321 2739 398 2796 illum
420 2740 584 2814 scripsisses
604 2739 674 2795 mihi
695 2739 775 2796 illum
797 2740 865 2819 satis
884 2739 986 2814 facere,
1003 2757 1065 2797 non
1127 2732 1132 2771 ἶ

125 2853 184 2912 quo
198 2834 311 2906 faceret,
325 2837 376 2895 sed
390 2846 421 2893 ut
436 2836 549 2894 faceret.
592 2837 760 2894 Mirabiliter
774 2837 852 2894 enim
867 2848 996 2895 moratus
1011 2847 1064 2908 est,

125 2935 197 2991 sicut
212 2933 296 3001 nosti,
320 2937 406 3021 {lteri
431 2938 470 2990 καὶ
494 2937 614 2992 οὐδέν-.
660 2935 717 2993 Sed
742 2952 797 2992 nos
821 2946 954 2993 tenemus
983 2953 1065 3010 prae·

125 3041 243 3107 ceptum
266 3029 345 3100 illud,
370 3035 414 3090 τὰς
435 3039 486 3088 τῶν
506 3031 671 3107 κρατούντων.
712 3033 752 3091 At
773 3032 888 3091 hercule
909 3033 980 3091 alter
999 3044 1066 3091 tuus

124 3127 280 3199 familiaris,
302 3127 450 3199 Hortalus,
472 3147 561 3205 quam
585 3130 672 3205 plena
696 3149 794 3202 manu,
817 3149 905 3206 quam
929 3131 1065 3207 ingenue,

124 3245 213 3304 quam
237 3237 338 3284 ornate
367 3237 481 3286 nostras
508 3228 606 3287 laudes
634 3229 664 3285 in
692 3239 768 3286 astra
792 3228 912 3297 sustulit,
936 3247 1002 3287 cum
1029 3232 1065 3289 de

122 3325 219 3382 Flacci
234 3336 368 3404 praetura
382 3335 410 3382 et
425 3326 460 3383 de
475 3325 523 3384 illo
538 3335 668 3402 tempore
683 3326 875 3401 Allobrogum
885 3325 1007 3386 diceretl
1023 3330 1064 3388 sic
1121 3384 1127 3401 ,

122 3423 239 3496 habeto,
261 3442 315 3481 nec
336 3423 479 3484 amantius
502 3442 557 3484 uec
579 3423 816 3486 honorificentius
837 3443 893 3486 nec
915 3428 1064 3508 copiosius

570 3547 621 3593 Μ
