2392 3848
121 198 236 291 awa]
332 216 446 267 aaron.
469 215 519 262 an
540 213 763 264 ramrrraaas
784 217 809 264 r.
833 223 862 288 9.
1027 208 1067 283 83

122 386 187 427 non
215 364 310 427 solum
339 367 485 436 confitear,
515 368 567 424 sed
595 367 682 424 etiarn
711 368 864 442 gaudeam.
909 384 953 442 19.
977 366 1069 438 Quod

122 466 266 541 quoniam
290 464 342 522 tibi
369 465 500 540 exposui,
527 464 620 522 facilia
648 474 715 522 sunt
743 482 786 534 ea,
812 482 886 540 quae
914 483 932 521 a
960 482 1007 523 me
1032 465 1068 523 de

122 560 243 621 Vatinio
271 570 300 620 et
328 561 364 620 de
393 560 500 620 Crasso
528 562 666 636 requiris;
700 580 768 619 nam
797 561 833 619 de
861 562 960 637 Appio
989 562 1069 637 quod

123 659 226 719 scribis
240 659 324 718 sicuti
339 660 375 717 de
391 657 514 717 Caesare
529 671 557 716 te
572 678 633 717 non
651 659 870 733 reprehendere,
884 660 1000 733 gaudeo
1019 659 1069 716 tibi

123 757 279 816 consilium
307 757 423 833 probari
448 775 555 814 meum.
597 757 643 814 De
668 757 786 814 Vatinio
815 768 919 827 autem,
943 757 1069 832 primum

124 856 235 914 reditus
255 856 456 913 intercesserat
475 855 505 911 in
527 855 648 927 gratiam
666 873 717 930 per
731 855 912 930 Pompeium,
928 855 1024 912 statim
1039 866 1070 913 ut

126 953 173 1011 ille
195 962 310 1028 praetor
332 962 375 1010 est
395 951 495 1022 factus,
512 970 579 1009 cum
601 953 718 1027 quidem
739 970 796 1027 ego
819 952 879 1010 eius
900 953 1070 1028 petitionem

124 1050 302 1128 gravissimis
316 1049 347 1106 in
367 1060 469 1106 senatu
490 1050 636 1107 sententiis
658 1067 885 1125 oppugnassem,
901 1068 995 1125 neque
1011 1060 1071 1107 tam

124 1149 201 1207 illius
228 1146 362 1206 laedendi
391 1165 479 1205 causa
512 1165 600 1223 quarn
628 1147 801 1205 defendendi
831 1159 918 1223 atque
946 1148 1069 1205 ornandi

125 1246 258 1307 Catonis.
299 1245 370 1303 Post
384 1255 481 1303 autem
496 1244 636 1315 Caesaris,
652 1246 776 1304 utillum
792 1246 985 1312 defenderem,
999 1247 1072 1304 mira

125 1344 276 1404 contentio
290 1353 334 1400 est
352 1353 516 1400 consecuta.
560 1342 619 1401 Cur
639 1354 735 1401 autem
755 1346 903 1414 laudarim,
919 1357 987 1420 peto
1002 1362 1019 1400 a
1032 1354 1069 1415 te,

124 1453 158 1501 ut
170 1442 202 1500 id
216 1460 235 1499 a
248 1459 296 1498 me
310 1458 383 1497 neve
397 1441 427 1496 in
446 1440 502 1497 hoc
522 1459 571 1498 reo
593 1459 665 1499 neve
686 1444 717 1498 in
738 1442 799 1501 aliis
817 1443 953 1518 requiras,
968 1460 1005 1500 ne
1021 1443 1070 1500 tibi

125 1557 185 1615 ego
210 1539 287 1597 idem
312 1555 462 1613 reponam,
488 1557 555 1596 cum
577 1540 707 1598 veneris':
737 1543 851 1599 tametsi
881 1559 1000 1616 possum
1028 1541 1073 1598 vel

126 1638 257 1708 absenti3
283 1636 434 1693 recordare
456 1637 542 1706 enim,
565 1638 669 1711 quihus
691 1638 886 1695 laudationem
908 1657 944 1696 ex
966 1639 1073 1697 ultimis

127 1736 212 1794 terris
239 1735 358 1794 miseris.
401 1732 465 1791 Nec
488 1735 544 1792 hoc
568 1735 767 1809 pertimueris;
801 1754 870 1793 nam
895 1756 913 1794 a
936 1754 983 1793 me
1008 1738 1073 1811 ipso

127 1833 283 1892 laudantur
302 1840 331 1891 et
354 1832 545 1890 laudabuntur
564 1833 661 1890 iidem.
705 1833 762 1890 Sed
780 1843 877 1891 tamen
899 1834 1074 1892 defendendi

128 1929 242 1988 Vatinii
262 1931 315 1989 fuit
339 1931 425 1988 etiam
446 1930 492 1987 ille
518 1930 656 2000 stimulus,
680 1931 715 1987 de
738 1949 797 2006 quo
818 1932 848 1988 in
868 1931 983 2001 iudicio,
1005 1951 1073 1990 cum

129 2028 212 2087 illum
221 2028 415 2099 defenderem,
422 2027 481 2085 dixi
491 2045 538 2084 me
547 2027 640 2084 facere
646 2027 793 2104 quiddam,
799 2029 878 2104 quod
889 2029 919 2085 in
928 2028 1073 2089 Eunucho

129 2138 274 2203 parasitus
290 2127 423 2185 suaderet
437 2125 536 2183 militi:

330 2276 368 2322 ubi
386 2275 515 2321 nominabit
533 2274 674 2330 Phaedriam,
692 2284 717 2320 tu
734 2275 876 2334 Pamphilam

330 2359 447 2404 continuo.
482 2357 503 2403 si
522 2358 613 2417 quando
630 2359 666 2403 illa
684 2359 743 2404 dicet
760 2359 909 2406 ‘Phaedriam

330 2440 389 2486 iutro
407 2441 525 2485 mittamus
542 2439 705 2492 comissatum,'
723 2440 864 2499 Pamphilam

331 2530 451 2567 cantatum
471 2536 628 2580 provocemus.
664 2521 686 2567 si
702 2521 802 2567 laudabit
820 2523 876 2570 haec

331 2602 391 2650 iliius
410 2603 516 2657 formam,
533 2612 558 2648 tu
575 2602 642 2649 huius
659 2614 751 2658 contra;
770 2606 867 2665 denique

331 2699 371 2745 par
387 2700 429 2745 pro
446 2685 494 2745 pari
511 2685 602 2738 referto,
619 2685 680 2745 quod
696 2700 747 2731 earn
764 2689 875 2735 mordeat.

134 2818 180 2879 sic
193 2817 281 2894 petivi
295 2834 313 2874 a
327 2815 469 2875 iudicibus
483 2826 522 2885 ut,
534 2816 674 2891 quoniam
688 2818 806 2892 quidam
821 2819 933 2877 nobiles
947 2818 1078 2878 homines

135 2926 167 2976 et
186 2916 223 2974 de
244 2933 293 2972 me
314 2915 424 2990 optime
444 2915 537 2971 meriti
559 2915 645 2972 nimis
666 2925 794 2972 amarent
816 2916 963 2973 inimicum
982 2933 1079 2974 meum

135 3031 245 3089 meque
274 3013 453 3088 inspectante
483 3030 569 3088 saepe
598 3030 664 3069 eum
689 3013 719 3069 in
743 3023 845 3070 senatu
867 3015 958 3072 modo
983 3032 1080 3074 severe

135 3113 323 3180 seducerent,
338 3110 429 3168 modo
449 3109 622 3167 familiariter
640 3121 725 3184 atque
739 3109 827 3168 hilare
841 3112 1079 3186 amplexarentur,

138 3211 338 3287 quoniamque
356 3207 394 3264 illi
412 3207 550 3264 haberent
570 3225 655 3264 suum
669 3208 811 3279 Publium,
827 3208 927 3266 darent
940 3211 1009 3268 mihi
1024 3213 1079 3287 ipsi

138 3309 229 3367 alium
244 3305 386 3375 Publium,
396 3306 427 3362 in
438 3322 496 3380 quo
512 3323 630 3380 possem
645 3305 757 3362 illorum
772 3307 885 3364 animos
900 3308 1081 3367 mediocriter

136 3404 289 3467 lacessitus
303 3403 401 3463 leviter
415 3420 591 3480 repungere;
614 3421 708 3480 neque
727 3404 822 3463 solum
841 3406 908 3477 dixi,
923 3406 975 3464 sed
994 3408 1080 3465 etiam

583 3517 636 3560 aa
