2392 3848
117 187 181 237 210
365 223 367 227 ,
395 185 434 234 u.
460 186 583 234 ruram
604 187 794 236 crosnonrs
853 187 864 234 ·.
933 174 1002 258 [sm
1017 186 1058 248 ur.

116 352 216 396 versus
230 335 404 410 navigarem,
419 337 504 413 coepi
521 338 656 413 regiones
675 336 873 396 circumcirca
878 336 1058 412 prospicere:

117 440 185 508 post
204 450 251 490 me
273 442 333 490 erat
353 432 475 509 Aegina,
497 446 564 494 ante
588 454 636 494 me
658 435 789 511 Megara,
811 435 915 494 dextra
937 433 1059 503 Piraeus,

118 529 231 587 sinistra
245 527 419 603 Corinthus;
442 550 517 607 quae
534 534 644 608 oppida
663 532 793 608 quodam
807 541 942 608 tempore
958 529 1059 589 floren-

118 626 227 684 tissima
237 626 358 697 fuerunt,
370 645 448 688 nunc
459 641 601 705 prostrata
615 642 643 688 et
655 631 749 688 diruta
762 640 830 688 ante
845 629 950 688 oculos
960 629 1059 687 iacent

119 721 213 798 Coepi
233 734 349 799 egomet
368 744 485 784 mecum
506 727 547 785 sic
569 728 712 802 cogitare:
735 727 836 784 ‘heml
859 743 916 784 nos
935 725 1061 784 homun-

119 821 176 880 culi
192 821 385 896 indignamur,
400 825 423 882 si
443 825 507 899 quis
528 834 661 882 nostrum
681 825 785 883 interiit
805 834 854 882 aut
875 825 991 883 occisus
1013 833 1060 893 est,

119 936 245 995 quorum
258 920 315 978 vita
332 920 445 980 brevior
466 940 530 980 esse
550 923 729 994 debetcum
746 940 807 981 uno
826 923 893 980 loco
914 930 960 979 tot
980 921 1061 998 oppi-

121 1017 191 1075 dum
213 1017 352 1076 cadavera
372 1020 501 1094 proiecta
522 1020 635 1078 iacent?
660 1021 741 1078 visne
761 1030 792 1078 tu
812 1029 850 1090 te,
863 1018 962 1092 1·Servi,
984 1019 1061 1077 cohi·

120 1114 188 1173 bere
217 1125 245 1172 et
273 1117 439 1174 meminisse
464 1116 613 1174 hominem
640 1127 669 1176 te
697 1135 762 1176 esse
789 1114 927 1176 natuml’
970 1117 1063 1177 Crede

44 1239 46 1243 π
120 1212 200 1283 mihi,
225 1213 401 1288 cogitatione
427 1233 462 1273 ea
486 1232 547 1271 non
571 1215 754 1273 mediocriter
779 1233 842 1273 sum
868 1214 1063 1273 confirmatus.

121 1308 191 1367 Hoc
212 1309 298 1381 idem,
314 1311 337 1367 si
358 1310 408 1367 tibi
423 1311 543 1380 videtur,
558 1311 603 1370 sac
624 1321 691 1370 ante
712 1312 814 1370 oculos
833 1312 885 1369 tibi
898 1327 1064 1388 proponas:

122 1408 212 1466 modo
231 1427 291 1467 uno
308 1418 439 1485 tempore
458 1420 500 1469 tot
513 1411 564 1468 viri
584 1411 733 1470 clarissimi
751 1411 936 1483 interierunt;
958 1411 996 1470 de
1013 1412 1066 1469 im·

121 1506 204 1582 perio
225 1507 324 1581 populi
346 1506 472 1564 Romani
493 1516 574 1566 tanta
595 1507 755 1566 deminutio
778 1507 854 1567 facta
879 1518 923 1566 est
930 1526 940 1580 3
962 1525 1065 1568 omnes

122 1603 286 1679 provinciae
307 1613 521 1680 conquassatae
541 1614 624 1662 sunt:
647 1604 677 1662 in
691 1605 777 1662 unius
796 1603 984 1664 mulierculae
1004 1605 1065 1664 ani·

122 1702 201 1760 mula
217 1701 242 1759 si
256 1701 364 1760 iactura
378 1702 455 1760 sacta
476 1712 529 1775 est,
543 1712 624 1761 tanto
646 1721 735 1779 opere
756 1705 970 1763 commoveris?
991 1722 1065 1781 quae

123 1801 147 1858 si
161 1801 218 1859 hoc
232 1810 362 1876 tempore
376 1817 437 1858 non
452 1799 530 1859 diem
548 1818 632 1859 suum
652 1802 770 1871 obisset,
784 1801 886 1877 paucis
899 1811 969 1878 post
982 1803 1065 1862 annis

121 1908 220 1954 tamen
234 1897 261 1954 ei
275 1896 458 1954 moriendum
473 1897 534 1968 fuit,
549 1898 688 1974 quoniam
703 1898 793 1956 homo
812 1908 881 1956 nata
894 1897 996 1958 fuerat.
1038 1913 1064 1974 5.

123 1996 220 2054 Etiam
236 2007 267 2053 tu
289 1997 326 2053 ab
347 1995 426 2054 hisce
446 1997 532 2054 rebus
554 1997 683 2055 animum
704 2015 739 2055 ac
758 1997 967 2072 cogitationem
987 2007 1064 2056 tuam

124 2111 213 2153 avoca
226 2103 314 2170 atque
328 2111 363 2151 ea
376 2094 473 2169 potius
487 2094 678 2164 reminiscere,
690 2112 764 2169 quae
779 2095 867 2168 digna
880 2104 930 2152 tua
940 2112 1065 2171 persona

124 2202 208 2251 sunt:
229 2191 315 2261 illam,
329 2208 418 2267 quam
433 2191 482 2249 diu
501 2192 528 2249 ei
542 2209 617 2267 opus
630 2191 721 2264 fuerit,
737 2192 859 2264 vixisse;
880 2209 942 2250 una
956 2211 1024 2256 cum
1036 2210 1064 2251 re

123 2288 239 2366 publica
260 2288 366 2358 fuisse3
391 2298 428 2359 te,
453 2298 566 2363 patrem
591 2307 683 2359 suum,
708 2299 881 2364 praetorem,
906 2290 1064 2358 consulem,

125 2403 264 2460 augurem
278 2385 402 2458 vidisse;
424 2385 656 2444 adulescentibus
670 2386 811 2461 primariis
826 2395 948 2460 nuptam
962 2386 1064 2458 fuisse;

124 2483 261 2542 omnibus
280 2483 366 2541 bonis
385 2501 478 2560 prope
495 2484 676 2560 perfunctam
697 2501 780 2542 esse:
802 2502 870 2541 curn
891 2486 1065 2561 respublica

125 2580 279 2651 occideret,
294 2580 351 2637 vita
365 2580 532 2638 excessisse.
575 2578 656 2650 Quid
670 2590 714 2638 est
728 2579 807 2655 quod
822 2591 852 2637 tu
871 2591 921 2637 aut
934 2581 985 2640 illa
1001 2598 1065 2640 cum

125 2678 241 2737 fortuna
268 2676 325 2734 hoc
353 2678 472 2735 nomine
499 2677 581 2753 queri
608 2677 746 2752 possitis?
787 2676 924 2753 Denique
952 2678 1013 2737 noli
1039 2688 1065 2737 te

126 2776 256 2835 oblivisci
284 2774 456 2834 Ciceronem
485 2794 549 2834 esse
583 2786 612 2835 et
639 2794 716 2846 eum,
745 2776 793 2853 qui
823 2775 884 2834 aliis
918 2777 1067 2836 consueris

127 2874 293 2951 praecipere
313 2882 343 2931 et
363 2873 431 2931 dare
452 2873 612 2945 consilium,
627 2891 722 2948 neque
742 2873 845 2932 imitari
865 2872 959 2932 malos
979 2874 1067 2934 medi·

127 2990 188 3042 cos,
203 2971 253 3046 qui
266 2971 296 3028 in
310 2970 409 3029 alienis
423 2971 532 3028 morbis
549 2970 720 3046 profitentur
738 2978 835 3028 tenere
855 2987 894 3028 se·
907 2971 1067 3031 medicinae

127 3071 287 3140 scientiam,
304 3069 358 3145 ipsi
379 3087 410 3127 se
432 3086 531 3127 curare
550 3086 611 3126 non
632 3078 770 3144 possunt3
794 3066 846 3125 sed
866 3067 973 3142 potius,
995 3086 1067 3145 quae

127 3167 189 3226 aliis
204 3178 263 3225 tute
278 3167 442 3243 praecipere
464 3166 549 3236 soles,
564 3185 600 3225 ea
613 3176 673 3223 tute
690 3165 741 3223 tibi
759 3165 866 3223 subiice
885 3175 974 3242 atque
992 3163 1068 3242 apud

127 3266 257 3322 animum
272 3282 413 3340 propone.
456 3265 482 3322 6.
504 3263 607 3321 Nullus
623 3262 706 3321 dolor
720 3272 771 3333 est,
781 3280 869 3337 quem
883 3275 944 3321 non
954 3262 1068 3339 longin-

128 3361 222 3438 quitas
245 3363 386 3438 temporis
411 3362 531 3422 minuat,
546 3378 581 3419 ac
605 3359 714 3419 molliat
726 3377 741 3423 t,
765 3358 823 3421 hoc
847 3369 875 3418 te
900 3371 1068 3437 exspectare
