2392 3848
327 210 328 214 =
399 195 438 244 rr.
464 194 583 243 runnu
604 192 791 241 croanoms
939 175 1006 261 [aaa
1022 191 1054 240 11.

325 496 374 552 22
414 441 623 625 nosprru,
583 486 789 549 ritanus
814 506 956 607 a„
934 510 1045 572 ...ς

147 607 211 669 Scn
234 607 343 667 Rourre
364 627 390 666 A.
403 627 430 666 n.
454 569 511 667 xil.
526 563 623 713 xilla
639 605 824 665 Fasnunnrns
844 582 927 665 alac.
932 566 1019 680 698.

299 732 330 772 u.
352 732 453 773 arcano
474 732 497 771 s.
511 732 577 773 o..r
599 730 735 772 taunuco
757 729 869 771 rnocos.

159 849 183 888 1.
213 829 311 888 Imaus
339 827 515 886 Ianuariis
507 846 537 885 m
565 836 667 886 senatu
700 827 769 884 nihil
802 836 846 886 est
877 822 1053 895 confectum,

116 937 267 1003 propterea
295 925 372 1003 quod
397 927 458 984 dies
485 940 594 1000 magna
621 945 657 984 ex
684 936 764 1000 parte
792 935 984 1000 consumptus
1013 935 1056 982 est

116 1026 299 1084 altercatione
325 1025 438 1082 Lentuli
461 1024 588 1082 consulis
617 1033 645 1082 et
666 1022 781 1082 Caninii
802 1024 908 1081 tribuni
928 1023 967 1098 pl.
1009 1017 1055 1080 Eo

116 1125 163 1182 die
191 1140 246 1181 nos
270 1140 387 1198 quoque
415 1121 505 1178 multa
532 1120 619 1179 verba
646 1120 767 1180 fecimus
795 1121 979 1196 maximeque
1003 1123 1055 1179 visi

116 1239 216 1280 sumus
244 1231 377 1277 senatum
405 1221 682 1277 commemoratione
710 1229 775 1277 tuae
803 1216 957 1277 voluntatis
986 1237 1055 1295 erga

117 1319 196 1375 illum
224 1318 356 1376 ordinem
384 1334 559 1392 permovere.
601 1316 703 1391 Itaque
729 1318 865 1392 postridie
886 1318 1004 1394 placuit,
1026 1328 1057 1375 ut

116 1415 238 1473 breviter
253 1414 408 1472 sententias
423 1414 602 1486 diceremus;
619 1414 768 1473 videbatur
781 1415 860 1473 enim
873 1416 1058 1474 reconciliata

117 1515 202 1572 nobis
230 1512 362 1570 voluntas
391 1530 454 1570 esse
481 1522 606 1582 senatus,
635 1511 716 1589 quod
742 1530 809 1571 cum
837 1488 971 1584 dicendo]
995 1524 1057 1571 tum

118 1612 237 1688 singulis
266 1609 443 1687 appellandis
471 1610 665 1685 rogandisque
693 1629 905 1686 perspexeram.
953 1612 1056 1688 Itaque

118 1730 185 1770 cum
213 1709 355 1768 sententia
382 1709 475 1784 prima
503 1691 596 1766 Bibuli
624 1709 809 1783 pronuntiata
833 1719 917 1778 esset,
940 1719 972 1767 ut
998 1719 1056 1769 tres

119 1808 206 1884 legati
229 1826 327 1883 regem
351 1807 528 1876 reducerent,
552 1806 680 1864 secunda
702 1800 861 1878 Hortensii,
889 1815 921 1865 ut
940 1817 972 1865 tu
994 1809 1057 1867 sine

119 1908 245 1964 exercitu
258 1906 418 1973 reduceres
434 1904 515 1962 tertia
529 1900 660 1972 Volcatii,
676 1911 707 1960 ut
721 1902 877 1979 Pompeius
898 1904 1055 1974 reduceret,

119 2004 294 2079 postulatum
309 2013 360 2072 est,
375 2012 406 2060 ut
420 2001 512 2058 Bibuli
529 2002 670 2059 sententia
685 2002 865 2060 divideretur.
905 2001 1057 2072 Quatenus

120 2103 156 2160 de
185 2101 323 2175 religione
351 2099 471 2169 dicebat,
501 2099 546 2156 cui
575 2099 692 2174 quidem
720 2100 760 2157 rei
788 2100 846 2157 iam
871 2101 972 2159 obsisti
997 2121 1058 2160 non

118 2207 241 2276 poterat,
255 2197 359 2255 Bibulo
374 2196 530 2254 adsensum
545 2206 605 2265 est3
626 2196 663 2254 de
677 2197 766 2254 tribus
777 2197 879 2273 legatis
893 2197 1058 2274 frequentes

119 2297 212 2354 ierunt
225 2296 255 2352 in
269 2295 324 2352 alia
338 2294 444 2351 omnia.
476 2312 503 2350 a.
524 2292 659 2350 Proxima
674 2302 732 2351 erat
744 2294 894 2353 Hortensii
908 2299 1057 2367 sententia,

120 2412 188 2453 cum
202 2392 312 2468 Lupus,
327 2392 456 2448 tribunus
472 2389 519 2465 pl,
535 2391 614 2464 quod
628 2391 690 2466 ipse
706 2392 742 2449 de
757 2388 899 2467 Pompeio
909 2395 1057 2466 retulisset,

120 2491 268 2549 intendere
296 2489 400 2564 coepit,
424 2498 490 2570 ante
513 2506 544 2545 se
569 2499 702 2562 oportere
730 2487 938 2548 discessionem
967 2493 1059 2552 facere

121 2607 208 2665 quam
236 2586 378 2646 consules.
420 2585 490 2644 Eius
514 2586 637 2644 orationi
658 2587 842 2646 vehementer
862 2589 899 2646 ab
923 2593 1059 2651 omnibus

121 2687 306 2747 reclamatum
325 2693 369 2742 est
378 2702 386 2756 ;
409 2685 564 2742 eratenim
583 2694 610 2741 et
627 2685 725 2760 iniqua
743 2697 771 2744 et
790 2703 873 2744 nova
916 2685 1060 2749 Consules

121 2803 216 2862 neque
236 2782 437 2842 concedebant
456 2800 550 2858 neque
568 2781 649 2839 valde
669 2784 879 2857 repugnabant,
897 2784 973 2843 diem
989 2807 1059 2846 con-

123 2884 197 2945 sumi
218 2881 370 2951 volebant3
391 2879 421 2937 id
439 2880 519 2954 quod
542 2889 585 2938 est
608 2879 731 2938 lactum:
751 2882 962 2956 perspiciebant
981 2889 1060 2945 enim

122 2983 153 3041 in
181 2978 331 3038 Hortensii
359 2978 530 3036 sententiam
558 2978 654 3036 multis
682 2979 809 3055 partibus
837 2980 933 3055 plures
961 2983 1060 3056 ituros,

124 3095 304 3158 quamquam
330 3085 427 3153 aperte
448 3072 581 3134 Volcatio
609 3075 826 3137 adsentirentur.
869 3078 954 3137 Multi
975 3101 1059 3158 roga-

125 3180 238 3248 bantur,
257 3186 343 3252 atque
364 3173 393 3232 id
414 3174 509 3250 ipsum
527 3174 693 3232 consulibus
710 3175 819 3247 invitis;
841 3195 910 3235 nam
927 3178 946 3234 ii
968 3179 1064 3240 Bibuli

126 3276 298 3335 sententiam
313 3272 405 3330 valere
420 3272 579 3347 cupierunt.
622 3291 648 3346 3.
671 3271 738 3331 Hac
759 3277 951 3334 controversia
972 3296 1064 3354 usque

125 3374 162 3432 ad
181 3382 297 3431 noctem
318 3372 403 3431 ducta
420 3380 535 3430 senatus
555 3370 690 3429 dimissus
708 3380 759 3430 est.
802 3368 867 3448 Ego
883 3390 918 3432 eo
934 3374 980 3435 die
994 3396 1064 3437 casu
