2392 3848
118 199 181 282 276
390 212 429 262 rr.
455 213 576 261 runnu
597 214 789 262 nicanorus
952 198 1022 289 [aare
1035 216 1063 264 v.

117 366 251 436 feceram,
267 364 411 439 interrupi,
426 374 458 422 ut
475 365 600 441 spatium
615 365 653 425 ad
667 365 865 441 colligendum
884 383 917 425 se
931 365 1065 425 homines

117 464 257 522 haberent
281 473 310 519 et
332 480 389 537 ego
413 481 461 521 me
484 462 595 520 interea
619 481 687 521 cum
711 463 824 539 collega
846 464 1064 540 coniungerem,

118 577 207 635 quem
229 559 333 629 triduo,
351 577 417 616 cum
440 560 493 618 has
516 560 624 618 dabam
644 561 760 633 litteraS,
778 562 997 637 exspectabam.
1040 582 1064 634 4.

118 655 283 714 Laterensis
304 657 395 714 nostri
416 666 444 714 et
459 657 548 716 fidem
569 667 598 716 et
614 657 745 716 animum
766 658 944 734 singularem
957 660 990 718 in
1007 679 1065 720 rem

118 754 265 831 publicam
290 772 406 831 semper
430 754 559 827 fatebor;
590 755 642 815 sed
666 765 743 815 certe
770 756 861 814 nimia
884 758 948 816 eius
973 759 1065 816 indul-

118 853 218 929 gentia
241 853 271 909 in
295 850 441 928 Lepidum
466 852 598 911 adhaec
622 853 750 929 pericula
774 855 980 930 perspicienda
1002 855 1066 915 fecit

119 969 187 1010 eum
208 951 304 1008 minus
326 968 469 1026 sagacem.
512 950 572 1023 Qui
592 951 711 1028 quidem
733 970 801 1010 cum
825 952 856 1010 in
879 952 1016 1012 fraudem
1037 973 1066 1014 se

120 1047 276 1107 deductum
291 1048 406 1120 videret,
421 1067 532 1119 manus,
548 1067 621 1130 quas
634 1050 735 1108 iustius
749 1050 779 1107 in
789 1049 896 1126 Lepidi
910 1052 1066 1128 perniciem

119 1156 267 1217 armasset,
283 1147 336 1204 sibi
350 1145 461 1206 adferre
476 1157 598 1206 conatus
612 1156 675 1219 est3
696 1147 727 1204 in
741 1165 801 1225 quo
821 1166 892 1206 casu
906 1158 1009 1208 tamen
1026 1151 1065 1209 inss

120 1243 285 1320 terpellatus
306 1253 335 1302 et
353 1244 449 1303 adhuc
466 1245 533 1303 vivit
551 1255 579 1305 et
598 1243 700 1303 dicitur
714 1244 847 1304 victurus.
890 1245 952 1306 Sed
971 1257 1066 1307 tamen

121 1341 157 1398 de
172 1341 229 1400 hoc
242 1360 345 1419 parum
360 1342 429 1400 mihi
449 1351 559 1401 certum
577 1350 630 1401 est.
674 1355 701 1416 5.
721 1341 788 1418 Ego
802 1360 913 1419 magno
928 1363 999 1404 cum
1017 1346 1066 1404 do-

120 1439 181 1498 lore
195 1440 402 1515 parricidarum
416 1440 530 1517 elapsus
545 1457 610 1497 sum
623 1439 677 1511 iis;
698 1440 852 1499 veniebant
867 1443 947 1501 enim
964 1442 1066 1502 eodem

121 1536 216 1595 furore
240 1538 270 1595 in
294 1556 350 1609 me,
372 1555 431 1613 quo
456 1538 487 1594 in
509 1538 640 1612 patriam,
665 1537 781 1596 incitati.
823 1537 996 1598 Iracundias
1020 1558 1066 1598 au·

121 1645 180 1694 tem
207 1634 310 1693 harum
337 1653 433 1695 rerum
461 1644 592 1694 recentes
618 1635 783 1694 habebant:
813 1635 896 1713 quod
923 1636 1067 1714 Lepidum

121 1735 261 1809 castigare
285 1752 347 1791 non
371 1733 544 1804 destiteram,
563 1742 595 1790 ut
616 1733 812 1809 exstingueret
832 1734 959 1807 bellum3
989 1736 1066 1812 quod

122 1831 266 1907 colloquia
290 1831 365 1889 facta
392 1831 596 1906 improbabam
606 1850 616 1902 3
641 1830 722 1906 quod
745 1831 858 1906 legatos
881 1831 941 1891 fide
965 1832 1067 1913 Lepidi

121 1929 227 1986 missos
247 1927 284 1987 ad
304 1946 352 1986 me
371 1929 402 1986 in
421 1939 613 2005 conspectum
629 1928 727 1986 venire
744 1938 908 2002 vetueram3
931 1930 1015 2008 quod
1034 1930 1065 1992 C.

123 2026 239 2085 Catium
254 2026 417 2098 Vestinum,
431 2028 581 2085 tribunum
599 2025 667 2097 mil,
682 2026 804 2084 missum
821 2027 860 2084 ab
878 2026 1014 2087 Antonio
1033 2027 1067 2088 ad

122 2142 272 2183 eumcum
289 2125 388 2183 litteris
407 2143 599 2201 exceperam:
621 2124 652 2181 in
666 2141 725 2199 quo
740 2122 816 2182 hanc
837 2124 923 2200 capio
937 2125 1066 2202 volupta-

122 2234 191 2293 tem,
206 2224 285 2299 quod
300 2232 385 2293 certe,
400 2241 459 2300 quo
473 2224 566 2298 magis
580 2240 628 2279 me
647 2222 815 2297 petiverunt,
828 2229 911 2280 tanto
928 2224 1068 2284 maiorem
1086 2263 1087 2266 =

122 2322 157 2380 iis
181 2320 325 2379 frustratio
350 2321 481 2379 dolorem
506 2320 606 2378 attulit.
649 2320 677 2376 6.
700 2317 758 2389 Tu,
782 2318 822 2375 mi
847 2317 964 2391 Cicero,
990 2322 1068 2400 quod

122 2417 218 2477 adhuc
237 2416 337 2490 fecisti,
352 2418 430 2477 idem
447 2427 571 2493 praesta,
586 2426 617 2474 ut
631 2415 781 2492 vigilanter
801 2433 985 2495 nervoseque
1006 2438 1067 2490 nos

123 2517 173 2595 qui
187 2527 296 2574 stamus
310 2517 341 2574 in
355 2515 426 2587 acie,
442 2515 593 2573 subornes.
635 2512 742 2571 Veniat
755 2511 864 2572 Caesar
879 2531 950 2573 cum
968 2519 1067 2594 copiis,

122 2634 196 2693 quas
216 2614 305 2673 babet
324 2613 513 2684 firmissimas,
528 2623 586 2683 aut,
601 2612 626 2670 si
644 2611 742 2689 ipsum
760 2610 857 2687 aliqua
876 2629 924 2673 res
939 2613 1067 2691 impedit

122 2715 265 2774 exercitus
284 2713 428 2783 mittatur;
450 2711 532 2770 cuius
551 2711 642 2787 ipsius
663 2726 805 2784 magnum
824 2709 988 2785 periculum
1009 2715 1067 2790 agi·

122 2822 183 2870 tur:
205 2809 342 2887 quicquid
355 2807 512 2885 aliquando
526 2806 654 2866 futurum
664 2806 718 2864 fuit
731 2807 762 2863 in
775 2807 876 2866 castris
888 2808 1066 2883 perditorum

122 2921 223 2971 contra
239 2907 371 2984 patriam,
384 2905 442 2964 huc
460 2923 549 2963 omne
567 2905 626 2962 iarn
645 2905 789 2962 convenit
830 2902 889 2964 Pro
905 2906 988 2966 urbis
1001 2927 1065 2969 vero

123 3008 214 3067 salute
234 3025 285 3065 cur
304 3024 365 3064 non
386 3005 522 3063 omnibus
539 3002 730 3074 facultatibus,
744 3020 818 3079 quas
837 3002 992 3077 habemus,
1006 3017 1066 3066 uta·

122 3106 207 3164 mur?
228 3103 318 3177 Quod
337 3104 427 3162 sivos
444 3103 507 3161 istic
526 3118 589 3159 nou
607 3100 761 3171 defueritis,
776 3099 918 3176 profecto,
933 3104 1017 3181 quod
1030 3104 1065 3163 ad

122 3221 170 3262 me
199 3204 308 3275 attinet,
335 3202 472 3261 omnibus
500 3201 585 3258 rebus
619 3199 736 3257 abunde
763 3198 805 3257 rei
831 3198 967 3275 publicae
999 3203 1062 3263 satis

124 3302 236 3362 faciam.
280 3316 306 3375 7.
330 3299 377 3358 Te
401 3300 528 3378 quidem,
549 3299 589 3355 mi
612 3294 778 3368 Cioe10,in
801 3295 865 3355 dles
885 3296 1061 3358 mehercules

122 3396 218 3460 habco
232 3400 374 3460 cariorem
387 3397 652 3473 sollicitudinesque
666 3412 748 3455 meas
761 3394 891 3473 quotidie
909 3397 1004 3475 magis
1016 3406 1060 3456 tua
