2498 3840
147 113 192 174 up.
209 97 262 182 45.]
369 111 481 160 sessu.
504 111 554 159 Ab
575 111 740 160 arricum
763 113 823 161 νη.
847 118 877 182 9.
1036 113 1096 182 125

147 261 285 338 postulat.
327 259 406 319 Nam
420 261 489 338 quid
509 260 725 336 impudentius?
767 260 900 319 'senuisti
918 260 1095 336 provinciam

147 377 202 434 per
216 359 320 416 decem
335 378 437 431 annos,
452 378 514 417 non
529 359 610 418 tibia
626 369 737 429 senatu,
753 359 805 417 sed
819 379 837 418 a
850 368 878 416 te
893 359 957 435 ipso
972 377 1024 434 per
1038 359 1096 415 vim

148 467 178 513 et
199 475 252 532 per
271 456 428 515 factionem
448 458 532 516 datos
542 477 550 531 ;
573 457 716 534 praeteriit
735 468 850 533 tempus
868 474 930 514 non
947 456 1029 532 legis,
1044 457 1096 516 sed

147 554 276 614 libidinis
292 564 366 625 tuae,
381 554 426 613 sae
441 565 548 626 tamen,
564 555 654 632 legis;
677 565 708 613 ut
723 555 901 625 succedatur,
916 554 1095 624 decernitur;

148 654 275 728 impedis
301 662 329 711 et
350 654 391 712 ais
413 654 507 712 ‘habe
528 674 624 713 meam
644 655 804 716 rationem!
846 653 933 713 Habe
954 664 1095 712 nostrum.

147 751 319 809 Exercitum
335 762 366 809 tu
385 751 493 810 habeas
511 753 624 824 diutius,
644 770 732 829 quam
751 751 877 828 populus
897 751 986 824 iussit,
1007 752 1097 809 invito

148 850 271 907 senatu?
308 849 478 925 ‘depugnes
500 860 622 928 oportet,
644 851 698 909 nisi
720 849 878 909 concedis!
921 848 997 908 Cum
1018 850 1097 906 bona

148 947 270 1023 quidem
299 966 359 1025 spe,
383 959 413 1005 ut
441 951 479 1005 ait
506 950 593 1016 idem,
619 949 662 1007 vel
685 948 820 1006 vincendi
844 948 889 1006 vel
913 948 943 1006 in
967 948 1098 1006 libertate

149 1047 304 1104 moriendi.
345 1046 409 1104 Iam
428 1047 452 1105 si
473 1048 664 1122 pugnandum
678 1059 730 1117 est,
745 1065 804 1122 quo
817 1055 959 1122 tempore,
973 1046 1003 1104 in
1017 1064 1096 1116 casu,

149 1161 211 1220 quo
233 1142 364 1211 consili0,
385 1143 416 1200 in
443 1143 623 1217 temporibus
644 1143 730 1201 situm
751 1153 795 1202 est
806 1161 814 1214 ;
842 1143 941 1220 itaque
961 1153 990 1201 te
1010 1142 1041 1201 in
1062 1161 1097 1200 ea

149 1237 324 1314 quaestione
338 1254 400 1294 non
413 1254 546 1294 exerceo
589 1235 637 1294 Ad
652 1255 695 1308 ea,
710 1255 785 1313 quae
801 1236 868 1308 dixi,
884 1235 973 1308 adfer,
988 1237 1011 1294 si
1027 1236 1097 1312 quid

148 1335 262 1406 habes;
285 1333 422 1410 equidem
436 1333 497 1392 dies
512 1344 671 1411 noctesque
686 1344 831 1411 torqueor.
