2392 3848
121 193 179 243 112
347 226 353 235 .
396 186 440 238 u..
461 186 582 236 rurarr
603 186 793 238 cromerus
835 222 838 227 .
950 168 1054 264 [amn.

116 334 220 409 Itaque
246 332 308 391 sine
333 331 391 390 ulla
414 332 576 406 ignominia
600 331 660 391 suis
688 331 827 391 humeris·
842 332 986 407 pecunias
1012 350 1057 409 po·

116 431 191 506 pulis
213 430 399 500 rettulerunt;
422 429 523 505 populi
545 439 641 486 autem
662 429 741 486 nullo
762 429 873 504 gemitu
895 429 1057 504 publicanis

117 528 221 603 quibus
243 527 299 584 hoc
320 528 386 602 ipso
408 527 497 585 lustro
526 526 595 584 nihil
619 526 770 597 solverant,
796 526 885 583 etiam
911 528 1059 603 superioris

117 625 197 682 lustri
226 625 335 698 reliqua
363 624 549 682 reddiderunt
560 643 568 695 3
604 624 701 699 itaque
729 623 892 699 publicanis
921 625 954 682 in
976 626 1060 684 oculis

119 740 226 781 sumus.
270 720 397 780 ‘Gratis’
426 721 521 796 inquis
544 721 658 780 ‘virisl'
681 720 840 780 Sensimus.
883 721 949 780 Iam
973 733 1061 781 cetera

118 821 187 878 iuris
203 819 290 878 dictio
305 836 361 876 nec
382 819 514 894 imperita
528 828 557 875 et
576 818 704 876 clemens
720 836 786 876 cum
801 818 965 878 admirabili
979 820 1061 880 facili·

118 928 193 989 tate;
216 918 310 975 aditus
325 926 423 973 autem
438 916 475 973 ad
495 933 542 973 me
562 915 681 983 minime
700 915 909 991 provinciales;
930 917 1004 976 nihil
1017 937 1062 994 per

120 1015 341 1085 cubicularium
375 1023 442 1071 ante
469 1014 564 1071 lucem
588 1013 803 1071 inambulabam
826 1014 916 1085 domi,
937 1026 972 1074 ut
999 1017 1062 1075 olim

120 1113 297 1172 candidatus,
354 1109 446 1169 Grata
477 1111 550 1169 haec
578 1121 607 1168 et
634 1129 742 1186 magna
774 1110 905 1187 mihique
933 1114 1062 1172 nondum

120 1212 264 1270 laboriosa
285 1228 321 1266 ex
342 1208 389 1266 illa
410 1219 505 1266 vetere
526 1209 634 1266 militia.
677 1211 703 1266 6.
726 1207 820 1268 Nonis
843 1209 932 1269 Maiis
954 1211 985 1268 in
1000 1211 1063 1270 Cili·

121 1311 195 1367 ciam
217 1307 381 1381 cogitabam
393 1324 401 1375 ;
423 1305 462 1362 ibi
484 1323 551 1362 cum
573 1306 690 1364 Iunium
704 1315 844 1365 'mensem
866 1309 1062 1384 consumpsis-

121 1414 310 1479 sem-atque
332 1403 442 1460 utinam
462 1402 493 1458 in
512 1403 602 1476 pacei
625 1421 766 1478 magnum
785 1405 863 1462 enim
882 1404 994 1464 bellum
1014 1406 1063 1463 im⁴

121 1503 229 1582 pendet
242 1520 260 1559 a
274 1499 434 1570 Parthis-,
450 1499 626 1570 Quinctilem
646 1502 676 1558 in
694 1501 787 1560 reditu
800 1520 930 1578 ponere;
953 1508 1063 1562 annuae

121 1602 198 1660 enim
212 1600 283 1657 mihi
297 1616 403 1674 operae
419 1616 444 1656 a.
460 1597 487 1654 d.
503 1617 543 1656 111.
560 1597 625 1656 Kal.
643 1597 741 1659 Sextii.
756 1609 936 1660 emerentur:
958 1618 1062 1677 magna

121 1711 217 1759 autem
241 1699 272 1755 in
295 1715 347 1772 spe
370 1714 434 1753 sum
459 1696 529 1752 mihi
554 1696 624 1753 nihil
647 1697 785 1772 temporis
808 1710 1000 1774 prorogatum
1024 1699 1061 1757 iri.

122 1797 278 1856 Habebam
292 1805 355 1852 acta
369 1795 480 1851 urbana
500 1811 592 1870 usque
611 1794 649 1852 ad
664 1793 768 1853 Nonas
782 1795 912 1866 Martias
928 1815 945 1854 e
959 1797 1064 1873 quibus

122 1894 325 1968 intellegebam
354 1891 487 1950 Curionis
522 1892 612 1949 nostri
642 1893 805 1951 constantia
836 1895 938 1952 omnia
968 1897 1064 1972 potius

123 2002 221 2051 actum
239 1991 272 2048 iri
290 2007 376 2065 quam
394 1989 431 2046 de
445 1990 615 2064 provinciis:
637 2007 717 2064 erg0‚
732 1999 764 2048 ut
784 2008 877 2066 sper0,
893 1993 1063 2068 propediem

123 2101 152 2149 te
172 2090 284 2146 videbo.
327 2099 354 2160 7.
375 2085 470 2144 Venio
492 2087 530 2145 ad
551 2087 672 2146 Brutum
693 2097 784 2159 tuum,
803 2087 893 2147 immo
914 2100 1065 2162 nostrum3

125 2189 166 2247 sic
185 2187 263 2245 enim
283 2184 391 2242 mavis:
413 2184 548 2260 equidem
569 2185 670 2243 omnia
691 2185 755 2257 feci,
770 2203 844 2261 quae
865 2187 948 2262 potui
969 2187 1065 2245 autin

124 2303 190 2344 mea
217 2282 365 2360 provincia
392 2283 528 2357 perficere
553 2293 602 2341 aut
629 2283 659 2341 in
683 2301 775 2358 regno
803 2284 934 2359 experiri.
978 2285 1066 2344 Omni

125 2384 210 2458 igitur
231 2380 321 2438 modo
343 2380 390 2454 egi
411 2397 478 2437 cum
503 2399 571 2456 rege
595 2389 624 2438 et
645 2398 702 2455 ago
724 2381 860 2456 quotidie,
882 2400 935 2456 per
963 2383 1067 2442 litteras

127 2480 234 2539 scilicet
241 2496 250 2550 ;
271 2479 368 2554 ipsum
382 2479 460 2534 enim
473 2478 599 2535 triduum
611 2479 837 2554 quadriduumve
851 2497 969 2537 mecum
982 2481 1068 2539 habui

127 2576 298 2637 turbulentis
318 2576 348 2632 in
369 2576 463 2646 rebus,
485 2577 590 2652 quibus
612 2594 678 2633 eum
701 2575 826 2634 liberavi.
868 2575 926 2634 Sed
951 2586 981 2636 et
1008 2588 1068 2636 tum

128 2692 265 2753 praesens
280 2682 309 2732 et
322 2683 425 2748 postea
444 2674 633 2731 creberrumis
652 2673 752 2732 lz'tlerz'r
770 2691 832 2731 non
853 2673 948 2732 destiti
967 2693 1069 2751 rogare

129 2785 157 2832 et
185 2781 282 2848 petere
307 2787 373 2828 mea
397 2788 493 2841 causa,
524 2772 646 2828 suadere
670 2781 699 2830 et
722 2771 829 2830 hortari
851 2789 919 2830 sua:
948 2773 1069 2835 multum

128 2869 247 2948 proieci,
262 2868 315 2926 sed
334 2878 482 2943 quantum,
497 2885 559 2926 non
578 2868 671 2943 plane,
684 2870 751 2944 quia
771 2870 859 2944 longe
873 2872 987 2941 absum,
1002 2871 1070 2929 scio.

129 2967 302 3028 Salaminios
318 2965 510 3023 autem-hos
529 2966 607 3023 enim
628 2979 758 3041 poteram
777 2968 1070 3037 coercere-adduxi,

129 3077 161 3125 ut
182 3076 275 3125 totum
298 3081 407 3121 nomen
429 3061 545 3138 Scaptio
566 3064 670 3122 vellent
691 3067 810 3137 solvere,
832 3067 884 3124 sed
906 3066 1071 3125 centesimis

130 3163 223 3224 ductis
255 3180 274 3221 a
303 3178 448 3236 proxuma
478 3161 596 3236 quidem
629 3163 802 3238 syngrapha,
830 3181 885 3222 nec
917 3163 1069 3241 perpetuis,

129 3259 183 3319 sed
202 3260 345 3317 renovatis
367 3260 529 3334 quotannis.
572 3258 806 3319 Numerabantur
827 3261 955 3319 nummi:
981 3260 1071 3318 noluit

132 3355 274 3437 Scaptius.
317 3355 374 3429 Tu,
397 3357 447 3446 qui
468 3356 510 3415 ais
531 3356 650 3415 Brutum
673 3373 779 3434 cupere
800 3356 908 3432 aliquid
931 3355 1072 3439 perdere?
