2392 3848
121 216 164 281 ap
182 200 252 287 ton]
311 210 425 263 aaran
448 211 499 260 AD
518 212 743 260 rnnrrrnnrs
763 210 813 262 ιν.
841 214 889 262 12.
998 211 1062 284 215

120 370 233 431 circiter
251 368 325 429 hora
347 369 460 428 decima
480 369 574 427 noctis
589 369 621 428 P.
635 369 809 439 Postumius,
826 368 971 445 familiaris
992 370 1062 437 eius,

120 468 159 528 ad
182 486 232 528 me
251 452 330 526 venit
353 478 382 525 et
404 468 475 525 mihi
497 468 636 525 nuntiavit
659 466 700 524 M.
724 464 902 538 Marcellum,
923 466 1065 542 collegam

120 576 263 637 nostrum,
278 576 346 642 post
362 583 453 624 cenae
472 575 587 640 tempus
606 582 624 622 a
638 564 669 622 P.
685 563 786 639 Magio
801 564 912 635 Cilone,
928 564 1066 623 familiare

120 665 193 735 eius,
214 663 343 741 pugione
363 680 533 739 percussum
554 680 618 720 esse
640 671 669 720 et
689 662 749 720 duo
768 662 886 720 volnera
908 663 1065 739 accepisse,

120 779 215 821 unum
234 761 266 819 in
286 760 446 831 stomacho,
465 760 585 818 alterum
606 761 637 817 in
656 761 749 835 capite
768 760 929 818 secundum
948 779 1066 833 aurem3

121 859 233 937 sperari
243 870 341 917 tamen
351 876 420 916 eum
430 859 524 917 vivere
538 877 625 934 posse
634 879 642 930 ;
658 857 792 934 Magium
802 877 834 918 se
844 859 940 935 ipsum
951 858 1039 917 interf
1055 891 1066 903 ·

121 958 199 1019 cisse
212 967 333 1035 postea3
355 974 386 1015 se
400 975 418 1015 a
432 956 572 1015 Marcello
586 956 623 1014 ad
638 975 685 1014 me
699 957 820 1015 missum
839 976 912 1025 esse,
927 958 976 1034 qui
994 957 1068 1017 haec

121 1056 268 1117 nuntiaret
281 1065 310 1115 et
324 1065 447 1131 rogaret,
457 1057 498 1115 uti
509 1055 639 1114 medicos
652 1075 779 1131 cogerem.
813 1054 906 1131 Coe'gi
916 1065 946 1114 et
956 1074 972 1113 e
983 1056 1068 1114 vesti-

122 1154 175 1231 gio
184 1172 223 1213 eo
233 1172 299 1213 sum
309 1154 455 1231 profectus
467 1155 561 1229 prima
570 1154 643 1212 luce.
678 1153 754 1211 Cum
765 1172 826 1212 non
837 1154 925 1230 longe
939 1154 1068 1212 aPiraeo

122 1254 270 1322 abessem,
287 1269 361 1327 puer
379 1251 495 1310 Acidini
516 1253 631 1310 obviam
653 1252 724 1309 mihi
737 1253 815 1311 venit
835 1264 911 1311 cum·
922 1252 1068 1322 codicillis,

123 1350 285 1427 inquibus
314 1359 374 1408 erat
400 1349 547 1426 scriptum,
572 1349 658 1425 paulo
687 1359 754 1407 ante
778 1349 874 1408 lucem
899 1349 1070 1409 Marcellum

124 1448 206 1509 diem
219 1466 306 1507 suum
319 1448 426 1506 obisse.
468 1445 513 1506 lta
523 1448 564 1505 vir
579 1447 752 1506 clarissimus
766 1449 803 1506 ab
818 1447 935 1507 homine
954 1448 1071 1507 deterri·

125 1564 180 1605 mo
193 1546 380 1605 acerbissima
392 1555 487 1604 morte
505 1557 549 1604 est
564 1545 703 1617 adfectus,
718 1554 755 1616 et,
770 1546 816 1603 cui
830 1546 938 1604 inimici
952 1556 1072 1623 propter

125 1644 298 1721 dignitatem
317 1653 515 1721 pepercerant,
530 1644 663 1701 inventus
681 1652 726 1701 est
744 1645 862 1714 amicus,
878 1644 927 1721 qui
948 1645 974 1702 ei
992 1662 1071 1702 mor·

126 1750 190 1801 tem
223 1741 346 1800 offerret
399 1760 425 1816 3.
458 1740 524 1816 Ego
552 1750 650 1799 tamen
685 1741 724 1800 ad
757 1742 974 1800 tabernaculum
1009 1743 1071 1801 eius

126 1839 260 1917 perrexi:
282 1840 379 1898 inveni
394 1839 468 1897 duos
483 1840 598 1896 libertos
613 1847 642 1896 et
655 1839 795 1914 pauculos
810 1858 924 1911 servos;
946 1840 1072 1916 reliquos

127 1937 245 1997 aiebant
258 1937 421 2014 profugisse
435 1948 516 1994 metu
529 1938 703 2013 perterritos,
719 1937 799 2013 quod
816 1939 952 1997 dominus
971 1957 1073 1997 eorum

127 2046 198 2097 ante
224 2035 442 2095 tabernaculum
470 2035 637 2093 interfectus
668 2044 752 2094 esset.
794 2035 921 2095 Coactus
949 2055 1015 2095 sum
1042 2038 1074 2095 in

127 2132 235 2192 eadem
254 2131 302 2190 illa
320 2132 430 2202 lectica,
446 2149 504 2208 qua
525 2133 587 2208 ipse
609 2132 720 2190 delatus
741 2151 830 2203 eram,
844 2135 974 2210 meisque
995 2134 1074 2193 lecti·

127 2230 214 2290 cariis
237 2230 268 2288 in
288 2231 391 2288 urbem
415 2248 483 2288 eum
505 2230 618 2300 referre,
635 2231 733 2305 ibique
757 2248 811 2308 pro
833 2248 868 2290 ea
890 2232 983 2308 copia,
999 2251 1075 2310 quae

128 2327 255 2389 Athenis
279 2338 348 2397 erat,
373 2327 459 2386 funus
484 2329 510 2385 ei
532 2328 601 2386 satis
626 2327 756 2403 amplum
780 2328 945 2387 faciendum
969 2331 1074 2391 curavi.

128 2425 179 2487 Ab
209 2424 443 2495 Atheniensibus,
471 2425 567 2483 locum
603 2425 765 2500 sepulturae
799 2426 874 2484 intra
907 2429 1009 2485 urbem
1043 2440 1075 2488 ut

129 2524 243 2592 darent,
265 2523 418 2600 impetrare
439 2541 500 2581 non
520 2522 610 2599 potui,
632 2522 713 2598 quod
732 2523 870 2598 religione
892 2543 924 2583 se
944 2526 1075 2601 impediri

129 2622 261 2683 dicerent
267 2639 276 2693 ;
306 2637 400 2696 neque
421 2629 519 2678 tamen
539 2619 569 2677 id
590 2630 676 2678 antea
696 2620 832 2696 cuiquam
852 2633 1075 2683 concesserant:

129 2719 213 2799 quod
230 2719 397 2796 proximum
415 2718 476 2788 suit,
492 2718 532 2776 uti
553 2717 583 2774 in
601 2736 661 2793 quo
675 2717 812 2777 vellemus
833 2722 986 2796 gymnasio
1007 2740 1076 2780 eum

130 2818 330 2897 sepeliremus,
346 2818 431 2876 nobis
445 2817 645 2892 permiserunt.
688 2816 752 2876 Nos
766 2818 797 2875 in
816 2819 997 2879 nobilissimo
1012 2821 1076 2878 orbi

129 2926 272 2977 terrarum
297 2915 450 2990 gymnasio
472 2914 649 2972 Academiae
673 2915 771 2973 locum
795 2915 954 2991 delegimus
979 2918 1076 2994 ibique

130 3032 200 3073 eum
222 3012 446 3082 combussimus,
461 3021 622 3087 posteaque
643 3014 813 3084 curavimus
827 3023 859 3072 ut
876 3014 972 3073 eidem
986 3016 1077 3074 Athe·

130 3112 249 3173 irienses
276 3110 308 3167 in
340 3108 444 3167 eodem
474 3109 541 3167 loco
575 3120 797 3169 monumentum
825 3111 851 3169 ei
882 3130 1077 3171 marmoreum

132 3205 300 3269 iaciendum
314 3206 451 3264 locarent.
493 3205 546 3276 Ita,
561 3225 636 3282 quae
656 3219 754 3267 nostra
773 3208 867 3267 officia
886 3209 1007 3282 luerunt,
1023 3228 1077 3286 pro

133 3305 260 3380 collegio
281 3314 310 3362 et
323 3322 377 3380 pro
397 3304 611 3380 propinquitate
631 3315 660 3362 et
673 3306 737 3364 vivo
756 3315 785 3365 et
798 3317 913 3366 mortuo
933 3310 1032 3367 omnia
1051 3311 1077 3367 ei

134 3401 340 3483 praestitimus.
381 3400 463 3460 Vale.
504 3401 542 3460 D.
557 3420 600 3480 pr.
616 3402 681 3462 Kal
696 3402 761 3463 lun.
802 3403 933 3466 Athenis.
