2392 3848
178 193 240 256 270
452 189 490 236 M.
517 187 636 235 Tutin
659 186 846 235 orer-:noma
1007 175 1078 258 [rm
1093 189 1121 235 v.

177 346 353 403 transierunt.
397 344 512 414 Quibus
541 345 627 401 rebus
652 360 708 418 ego
732 343 857 418 cognitis
885 352 1040 402 cunctatus
1062 361 1122 401 non

129 429 138 451 ’
177 461 259 513 sum;
276 445 305 499 in
320 461 404 501 cursu
416 443 562 499 bonorum
574 441 761 499 consiliorum
770 440 914 516 Lepidum
926 440 1123 499 adiuvandum

177 541 282 616 putavi.
327 559 352 614 3.
374 539 524 597 Adventus
545 556 628 596 meus
649 539 719 613 quid
740 538 922 614 profectums
943 549 1030 610 esset,
1048 539 1122 608 vidi;

177 639 222 696 vel
242 638 322 712 quod
343 638 471 711 equitatu
494 654 562 694 meo
583 637 718 711 persequi
739 635 891 693 Antonium
912 645 1000 711 atque
1026 636 1123 711 oppri-

177 755 256 793 mere
278 736 436 810 equitatum
458 734 520 791 eius
541 753 669 809 possem,
689 734 733 790 vel
754 732 834 809 quod
855 733 999 791 exercitus
1021 732 1122 808 Lepidi

177 851 242 890 eam
261 842 380 907 partem,
396 849 471 906 quae
492 841 628 906 corrupta
649 843 692 888 est
713 841 742 888 et
759 832 841 888 abre
855 831 971 906 publica
991 829 1121 900 alienata,

178 943 206 988 et
224 931 368 1006 corrigere
391 940 419 986 et
441 935 575 987 coe'rcere
594 931 757 1004 praesentia
778 930 835 987 mei
855 930 997 987 exercitus
1014 939 1122 1004 posset.

179 1029 281 1103 ltaque
296 1029 326 1084 in
341 1029 428 1097 Isara,
444 1027 562 1084 flumine
576 1028 716 1098 maximo,
731 1027 810 1102 quod
827 1029 855 1084 in
870 1027 974 1085 linibus
988 1036 1035 1085 est
1045 1025 1123 1084 Allo·

179 1130 312 1202 brogum,
337 1138 428 1202 ponte
457 1144 517 1183 uno
543 1126 589 1183 die
614 1126 692 1184 facto
720 1127 878 1183 exercitum
902 1143 927 1183 a.
943 1125 971 1183 d.
984 1143 1039 1183 mr.
1054 1123 1124 1182 Idus

179 1223 274 1281 Maias
296 1224 418 1282 traduxi.
461 1222 537 1280 Cum
552 1241 620 1280 vero
640 1224 710 1280 mihi
731 1224 895 1281 nuntiatum
915 1232 992 1282 esset
1009 1220 1045 1280 L.
1063 1222 1124 1279 An-

178 1321 291 1379 tonium
320 1321 512 1396 praemissum
549 1339 615 1378 cum
652 1322 795 1396 equitibus
829 1330 858 1378 et
885 1319 1054 1380 cohortibus
1088 1318 1124 1376 ad

178 1418 286 1476 Forum
303 1419 366 1476 Iulii
384 1420 505 1490 venisse,
520 1419 637 1476 fratrem
659 1438 725 1477 cum
747 1419 877 1495 equitum
895 1429 1032 1494 quattuor
1051 1417 1125 1475 mili-

178 1517 241 1585 bus
272 1527 304 1574 ut
332 1528 496 1575 occurreret
524 1518 558 1586 ei,
582 1518 647 1575 misi
676 1537 701 1574 a.
724 1517 751 1574 d.
773 1536 798 1573 v,
822 1516 891 1574 Idus
919 1515 1035 1588 Maias;
1062 1517 1125 1592 ipse

178 1614 313 1673 maximis
335 1615 484 1673 itineribus
506 1633 572 1673 cum
594 1625 729 1690 quattuor
750 1615 912 1690 legionibus
933 1613 1076 1690 expeditis
1096 1621 1124 1671 et

179 1710 289 1785 reliquo
311 1713 440 1786 equitatu
461 1713 629 1787 subsequar.
672 1733 700 1784 4.
726 1713 755 1770 Si
778 1729 833 1769 nos
856 1711 1010 1770 mediocris
1032 1711 1123 1770 modo

181 1807 297 1867 fortuna
316 1810 357 1867 rei
378 1811 510 1885 publicae
531 1809 677 1881 adiuverit,
692 1820 720 1867 et
741 1808 879 1867 audaciae
897 1808 1076 1884 perditorum
1096 1817 1124 1867 et

180 1914 295 1962 nostrae
311 1907 509 1964 sollicitudinis
523 1907 570 1964 hic
586 1908 673 1965 finem
690 1906 875 1984 reperiemus
917 1905 999 1978 Quid
1013 1907 1038 1965 si
1051 1907 1123 1964 latro

180 2004 371 2077 praecognito
391 2012 491 2061 nostro
514 2005 639 2063 adventu
652 2023 749 2062 rursus
768 2005 797 2060 in
813 2004 925 2062 Italiam
946 2021 978 2062 sc
994 2005 1123 2080 recipere

180 2102 316 2174 coeperit,
332 2099 413 2158 Bruti
427 2101 479 2158 erit
493 2101 620 2161 officium
634 2120 784 2160 occurrere
798 2103 833 2170 ei,
848 2102 893 2159 cui
907 2100 968 2159 scio
982 2118 1040 2159 nec
1054 2118 1123 2160 con-

179 2195 273 2252 silium
288 2215 343 2256 nec
362 2198 490 2256 animum
506 2199 678 2258 defuturum.
720 2199 787 2274 Ego
806 2208 913 2269 tamen,
928 2198 952 2256 si
966 2198 996 2256 id
1010 2198 1137 2257 accide->

178 2294 222 2358 rit,
239 2293 355 2352 fratrem
377 2315 444 2354 cum
463 2298 591 2372 equitatu
612 2298 733 2368 mittam,
749 2298 797 2373 qui
813 2307 955 2372 sequatur,
971 2296 1086 2355 Italiam
1107 2316 1124 2356 a

177 2392 338 2448 vastatione
354 2394 497 2452 defendat.
539 2393 597 2452 Fac
613 2395 707 2452 valeas
720 2412 826 2469 meque
840 2405 941 2452 mutuo
956 2393 1070 2471 diligas.

319 2554 383 2607 141.
427 2551 483 2607 An
505 2550 755 2610 rnnrnmnns
778 2551 814 2610 x.
838 2570 876 2626 34
899 2554 930 2624 (1.
947 2549 987 2630 2).

242 2661 308 2721 Scn.
330 2681 360 2720 nt
381 2682 497 2722 castrus
517 2684 556 2722 an
570 2664 695 2724 Ponrnn
714 2665 902 2724 Anonnrnun
922 2684 960 2724 ru.
982 2664 1062 2726 ΚΑΙ.

519 2762 582 2820 Itur.
603 2780 687 2821 nuc.
710 2775 776 2835 711.

312 2884 344 2924 M.
367 2884 486 2925 LEPIDUS
507 2886 566 2924 IMP·
588 2886 666 2925 ITER.
687 2886 770 2927 PONT·
791 2887 860 2927 Max.
875 2886 897 2928 S·
912 2886 939 2927 D.
954 2886 985 2929 Μ.

515 2982 623 3024 TULLIO
643 2983 786 3024 CICERONI.

222 3093 244 3132 1.
270 3075 298 3133 S.
314 3095 341 3134 v.
356 3096 380 3134 s.
397 3096 422 3135 n.
439 3096 465 3135 n.
480 3096 507 3136 v.
549 3076 625 3135 Cum
640 3077 785 3136 audissem
800 3077 962 3137 Antonium
979 3096 1048 3138 cum
1064 3083 1122 3139 suis

178 3174 277 3248 copiis,
294 3175 454 3249 praemisso
469 3173 501 3231 L.
517 3172 647 3232 Antonio
665 3192 733 3232 cum
747 3186 827 3250 parte
843 3176 994 3251 equitatus,
1009 3177 1041 3234 in
1055 3195 1122 3253 pro·

178 3270 302 3327 vinciam
323 3289 419 3327 meam
441 3271 547 3339 venire,
568 3288 634 3328 cum
659 3272 787 3329 exercitu
809 3290 875 3330 meo
897 3274 935 3330 ab
957 3271 1121 3332 confluente

179 3359 229 3444 [ab
244 3362 403 3452 Rhodano]
424 3379 517 3427 castra
540 3368 619 3428 movi
639 3386 672 3427 ac
694 3381 796 3428 contra
816 3389 867 3428 eos
888 3372 985 3429 venire
1006 3372 1121 3431 institui
