2392 3848
120 225 180 276 102
393 216 435 274 rr.
458 220 576 270 rorrrr
597 215 789 270 cronnorrrs
876 215 881 219 ·
950 198 1054 291 [nen

116 373 205 443 ealet;
238 389 309 430 nam
336 366 545 429 ferventissime
573 368 773 445 concerpitur;
803 362 949 429 levissime
976 371 1056 442 enim,

116 472 185 547 quia
205 469 241 528 de
261 467 459 526 intercalando
478 484 539 525 non
558 467 730 536 obtinuerat,
745 465 898 542 transfugit
917 466 955 525 ad
970 485 1058 544 popu·

115 568 176 625 lum
196 576 224 624 et
245 584 299 642 pro
321 564 445 623 Caesare
465 565 546 640 loqui
566 565 670 641 coepit,
688 564 842 640 legemque
860 565 989 637 viariam,
1003 583 1058 624 non

117 665 286 723 dissimilem
317 663 445 738 agrariae
478 662 563 733 Rulli,
592 672 621 721 et
651 662 868 734 alimentariam,
896 680 956 738 qua
986 662 1059 721 iubet

116 761 223 819 aediles
244 761 345 829 metiri,
367 761 498 818 iactavit:
522 759 580 818 hoc
601 760 734 818 nondum
755 759 870 828 fecerat,
892 777 961 819 cum
986 761 1060 836 prio-

116 875 179 916 rem
199 870 312 934 partem
332 859 471 934 epistolae
493 857 603 932 scripsi.
644 856 761 915 Amabo
782 866 820 928 te,
839 857 864 915 si
885 856 965 933 quid,
983 857 1062 933 quod

116 970 192 1028 opus
220 956 312 1026 fuerit,
333 955 432 1031 Appio
460 954 556 1023 facies,
571 953 673 1029 ponito
700 970 749 1010 me
768 952 797 1010 ei
816 953 848 1011 in
874 954 977 1029 gratia.
1018 953 1063 1012 De

116 1050 268 1111 Dolabella
290 1055 434 1128 integmm
454 1052 505 1109 tibi
526 1069 660 1120 reserves,
676 1048 801 1121 suadem
825 1059 855 1109 et
875 1049 943 1109 huic
962 1052 1013 1123 rei,
1027 1053 1063 1111 de

117 1168 175 1226 qua
197 1150 310 1227 loquor,
329 1159 359 1207 ct
379 1149 510 1225 dignitati
534 1157 600 1205 tuae
624 1146 832 1222 aequitatisque
852 1147 988 1221 opinioni
1007 1147 1063 1208 hoc

117 1248 157 1306 ita
181 1246 276 1306 facere
299 1246 424 1321 expedit.
466 1246 568 1322 Turpe
592 1245 644 1303 tibi
672 1244 725 1302 erit
753 1243 910 1321 pantheras
935 1243 1064 1307 Graecas

116 1363 164 1404 me
177 1362 238 1402 non
251 1343 366 1403 habere.

342 1503 390 1560 36.
431 1498 488 1558 ΑΙ)
509 1501 704 1561 ATTICUM
723 1499 761 1563 V.
785 1519 832 1562 21.

205 1613 272 1677 Ser.
293 1613 463 1675 Lnoorcrrnn
484 1616 583 1676 lomus
603 1617 780 1677 Franunmrs
801 1635 884 1678 nuc.
908 1631 979 1695 704.

432 1740 535 1782 cremo
556 1741 662 1782 arrico
682 1741 744 1783 san.

161 1873 186 1914 1.
208 1856 256 1913 Ta
283 1853 314 1912 in
341 1853 463 1930 Epirum
491 1853 601 1912 salvum
628 1856 741 1917 venisse
769 1865 805 1926 et,
827 1865 861 1916 ut
888 1859 1001 1931 scribis,
1029 1878 1064 1918 ex

121 1954 262 2012 sententia
282 1951 432 2026 navigasse
446 1951 632 2008 vehementer
649 1953 773 2026 gaudeo,
789 1971 850 2011 non
869 1972 934 2012 esse
949 1955 1064 2016 Rornae

119 2067 186 2107 meo
197 2060 328 2123 ternpore
339 2049 557 2123 pernecessario
568 2049 745 2107 submoleste
756 2048 827 2121 fero,
838 2049 895 2108 hoc
906 2070 954 2110 me
964 2062 1064 2113 tamen

120 2146 272 2204 consolor:
294 2162 355 2201 non
375 2163 460 2220 spero
478 2155 507 2204 te
523 2147 586 2204 istic
605 2147 729 2204 iucunde
748 2145 876 2204 hiemare
893 2158 922 2206 et
942 2148 1064 2209 libenter

119 2243 308 2320 requiescere.
361 2260 386 2299 a.
411 2241 444 2300 C.
471 2242 597 2314 Cassius,
621 2243 708 2301 frater
732 2243 770 2315 Q.
792 2242 893 2315 Cassii,
917 2245 1064 2309 familiaris

119 2343 168 2412 tui,
197 2340 385 2417 pudentiores
406 2339 467 2398 illas
488 2341 594 2399 litteras
615 2342 826 2400 miserat—de
850 2343 955 2419 quibus
973 2356 1006 2406 tu
1029 2367 1064 2408 ex

120 2456 168 2497 me
189 2438 319 2514 requiris,
338 2438 408 2513 quid
430 2437 483 2495 sibi
503 2439 774 2515 voluerint—quam
795 2459 853 2511 eas,
872 2460 944 2518 quas
961 2455 1064 2520 postea

118 2537 204 2607 misit,
230 2536 334 2612 quibus
358 2554 410 2611 per
434 2555 465 2595 se
493 2539 591 2596 scribit
615 2537 778 2595 confectum
807 2557 871 2597 esse
899 2540 1063 2604 Parthicum

118 2634 244 2693 bellum:
266 2644 442 2692 recesserant
460 2635 498 2692 illi
518 2635 636 2710 quidem
655 2636 692 2693 ab
710 2635 864 2694 Antiochia
883 2649 950 2698 ante
969 2641 1064 2704 Bibuli

120 2733 284 2802 adventurn,
307 2731 359 2789 sed
384 2733 462 2790 nullo
486 2743 585 2791 nostro
608 2735 780 2805 εὐημερῆματι,
802 2733 889 2794 hodie
910 2755 978 2797 vero
1004 2741 1063 2801 hie-

118 2841 199 2889 mant
232 2831 262 2888 in
293 2829 475 2906 Cyrrhestica
508 2832 725 2906 maximumque
757 2832 864 2890 bellum
896 2834 1063 2914 impendet;

119 2946 188 2986 nam
209 2938 237 2987 et
258 2927 359 2997 Orodi,
382 2929 458 3003 regis
480 2927 660 2999 Parthorum,
682 2929 756 2987 filius
777 2931 807 2987 in
828 2934 975 3007 provincia
996 2954 1063 2997 nos-

119 3036 162 3083 tra
183 3036 233 3096 est,
256 3043 311 3083 nec
332 3024 444 3082 dubitat
470 3024 632 3096 Deiotarus
654 3028 735 3084 cuius
757 3028 815 3086 filio
836 3040 921 3104 pacta
945 3042 989 3090 est
1010 3034 1064 3092 Ar·

120 3122 244 3180 tavasdis
272 3122 337 3192 filia,
362 3139 399 3178 ex
423 3139 482 3196 quo
510 3123 575 3181 sciri
603 3134 707 3198 potest,
734 3127 804 3200 quin
832 3145 898 3185 curn
927 3131 1064 3190 omnibus

120 3220 211 3295 copiis
225 3221 287 3296 ipse
302 3220 394 3295 prima
408 3229 515 3277 aestate
532 3219 702 3295 Euphraten
720 3225 889 3282 transiturus
909 3226 951 3285 sit.
995 3228 1065 3300 Quo

121 3324 218 3372 autem
246 3317 292 3374 die
321 3315 420 3376 Cassii·
444 3317 553 3376 litterae
581 3318 709 3377 victrices
739 3320 770 3377 in
797 3333 899 3380 senatu
930 3326 1066 3385 recitatae

122 3424 196 3486 sunt,
218 3413 248 3471 id
275 3423 319 3473 est
343 3414 436 3472 Nonic
459 3414 633 3473 Octobribus
669 3417 774 3476 eodem
801 3436 884 3476 meae
912 3422 1066 3482 tumultum
