2392 3848
122 220 169 283 sp,
185 204 241 293 24]
322 220 432 270 aaron
456 221 506 270 an
529 223 647 287 QUINT.
669 218 774 272 saar.
800 225 836 272 n.
859 231 890 290 4.
1025 211 1067 298 63

225 480 274 537 24.
317 477 375 536 ΑΙ)
407 477 607 551 QUINTUM
638 478 840 538 FRATREM
869 478 911 553 ΙΙ.
941 497 968 553 4.

919 544 956 601 ‘c

271 590 336 651 Sca.
358 591 467 652 Rorrnn
487 611 581 652 nausa
602 593 726 654 Manno
747 613 830 653 nnc.
854 554 921 669 692.

328 716 442 757 manens
461 716 571 766 onmro
591 718 699 758 rnnrnr
718 718 861 758 sanurnn.
881 752 892 811 Ι
902 745 913 809 l

167 828 194 871 r.
216 810 335 872 Snsrrns
355 821 454 872 noster
475 813 622 872 absolutus
643 826 686 874 est
707 834 732 873 a.
753 815 780 873 d.
798 833 825 873 v.
848 815 917 873 Idus
937 815 1066 886 Martias,

122 919 162 979 et,
181 910 264 985 quod
283 910 467 971 vehementer
486 911 611 971 interfuit
631 913 672 970 rei
691 913 831 988 publicae,
850 913 958 969 nullam
976 915 1066 972 videri

122 1008 155 1066 in
168 1006 232 1066 eius
245 1008 326 1066 modi
340 1027 428 1068 causa
447 1011 658 1069 dissensionem
680 1029 752 1082 esse,
767 1011 903 1068 omnibus
919 1011 1066 1069 sententiis

123 1104 275 1163 absolutus
295 1116 346 1164 est.
391 1106 473 1175 Illud,
494 1107 574 1182 quod
595 1107 644 1165 tibi
665 1125 750 1165 curae
775 1125 862 1183 saepe
890 1125 954 1165 esse
982 1107 1064 1165 intel-

122 1196 260 1268 lexeram,
281 1199 381 1257 necui
401 1200 502 1276 iniquo
519 1201 744 1278 relinqueremus
763 1202 942 1277 vituperandi
958 1201 1064 1271 locum,

123 1295 176 1371 qui
203 1314 260 1354 nos
287 1297 416 1373 ingratos
443 1317 506 1358 esse
531 1299 646 1370 diceret,
670 1299 723 1356 nisi
749 1297 822 1356 illius
850 1299 1064 1374 perversitatem

124 1392 300 1471 quibusdam
321 1395 351 1453 in
371 1396 456 1454 rebus
477 1415 566 1472 quam
588 1396 794 1454 humanissime
819 1394 967 1465 ferremus,
993 1396 1066 1453 scito

124 1488 184 1550 hoc
213 1509 270 1551 nos
300 1493 331 1550 in
360 1511 396 1552 eo
427 1495 532 1552 iudicio
562 1503 735 1553 consecutos
766 1512 839 1564 esse,
871 1503 903 1550 ut
933 1493 1065 1550 omnium

124 1588 281 1663 gratissimi
297 1589 487 1650 iudicaremur
497 1610 505 1664 ;
526 1610 595 1650 nam
615 1590 798 1650 defendendo
817 1607 936 1648 moroso
955 1590 1065 1647 homini

124 1684 350 1746 cumulatissime
377 1689 446 1747 satis
473 1688 603 1760 fecimus,
631 1698 668 1760 et,
696 1688 725 1746 id
753 1688 833 1766 quod
862 1688 908 1746 ille
939 1688 1064 1745 maxime

124 1782 270 1859 cupiebat,
283 1784 441 1856 Vatinium,
455 1805 474 1845 a
490 1805 549 1864 quo
566 1787 662 1863 palam
681 1785 912 1862 oppugnabatur,
930 1786 1065 1842 arbitratu

124 1890 229 1941 nostro
242 1884 423 1943 concidimus
437 1884 481 1943 dis
494 1884 716 1961 hominibusque
734 1883 942 1960 plaudentibus.
986 1882 1065 1954 Quin

124 1980 214 2038 etiam
236 1979 343 2039 Paulus
363 1991 462 2041 noster
484 2001 551 2041 cum
573 1982 653 2040 testis
672 1982 830 2058 productus
851 1991 928 2039 esset
948 1981 978 2038 in
999 1980 1064 2039 Ses-

123 2078 208 2148 tium,
230 2079 409 2138 confirmavit
430 2099 461 2138 se
482 2099 591 2139 nomen
605 2080 713 2138 Vatinii
730 2079 899 2149 delaturum,
920 2079 944 2138 si
965 2078 1066 2138 Macer

122 2173 254 2234 Licinius
268 2187 458 2248 cunctaretur,
473 2186 502 2235 et
516 2176 616 2235 Macer
630 2177 767 2238 ab.Sestii
786 2176 926 2235 subselliis
946 2178 1066 2234 surrexit

122 2290 158 2331 ac
188 2290 222 2332 se
252 2273 291 2332 illi
320 2292 381 2333 non
412 2275 575 2335 defuturum
605 2275 771 2333 adfirmavit.
823 2273 901 2345 Quid
929 2275 1065 2349 quaeris?

122 2370 216 2430 homo
244 2371 376 2447 petulans
404 2382 432 2430 et
460 2373 555 2431 audax
584 2369 743 2452 [Vatinius]
772 2371 855 2430 valde
882 2373 1065 2446 perturbatus

124 2466 344 2545 debilitatusque
365 2469 503 2528 discessit.
547 2489 573 2528 a.
596 2469 721 2541 Quintus
742 2480 817 2539 tuus,
837 2487 908 2544 puer
929 2471 1064 2546 optimus,

123 2564 252 2625 eruditur
271 2566 405 2641 egregie:
425 2565 482 2623 hoc
497 2585 574 2624 nunc
588 2568 681 2642 magis
696 2567 825 2624 animum
840 2567 967 2636 adverto,
986 2567 1065 2642 quod

123 2662 276 2739 Tyrannio
299 2662 385 2722 docet
412 2663 490 2739 apud
518 2682 574 2722 me.
615 2663 730 2723 Domus
758 2665 904 2740 utriusque
933 2673 1063 2721 nostrum

121 2758 292 2819 aedificatur
308 2769 431 2819 strenue.
474 2759 664 2836 Redemptori
684 2772 734 2819 tuo
756 2761 907 2819 dimidium
926 2763 1065 2836 pecuniae

123 2856 230 2917 curavi.
272 2857 364 2935 Spero
379 2876 434 2916 nos
449 2868 516 2916 ante
530 2858 655 2916 hiemem
673 2859 894 2918 contubernales
908 2858 977 2917 lore.
1018 2858 1064 2918 De

123 2964 225 3015 nostra
252 2954 356 3025 Tullia,
384 2956 426 3014 tui
453 2955 616 3015 mehercule
648 2957 854 3026 amantissima,
882 2974 968 3031 spero
998 2974 1064 3016 curn

124 3050 299 3129 Crassipede
326 3069 383 3112 nos
405 3052 572 3112 coniecisse.
617 3053 687 3113 Dies
716 3065 796 3112 erant
825 3055 892 3123 duo,
920 3053 969 3128 qui
997 3064 1065 3129 post

121 3146 244 3209 Latinas
272 3148 415 3209 habentur
442 3150 567 3226 religiosi
578 3169 588 3224 3
622 3161 748 3211 ceterum
777 3151 941 3212 confectum
969 3150 1065 3211 Latiar

121 3255 191 3307 erat.
