2392 3848
119 188 235 275 saza]
328 201 442 253 saraa
465 202 514 253 an
536 203 758 254 sanrsmnss
780 204 804 253 r.
827 210 859 276 9.
1027 189 1065 255 81

120 351 212 411 etiam
222 350 324 409 virium
338 362 368 411 et
381 352 486 412 coloris
501 353 643 412 rationem
662 353 769 412 habere
783 353 958 412 voluissent:
980 371 1066 423 nunc,

121 458 156 510 nt
175 448 295 526 Apelles
315 449 438 510 Veneris
460 462 546 529 caput
567 462 596 510 et
617 471 730 510 summa
750 453 876 528 pectoris
897 452 1068 528 politissima

122 554 186 607 arte
199 545 328 624 perfecit,
343 548 481 625 reliquam
496 560 608 625 partem
623 550 753 625 corporis
765 547 933 608 inchoatam
947 548 1067 624 reliquit,
1132 586 1135 593 -

122 644 167 705 sic
193 644 313 721 quidam
340 645 474 705 homines
496 647 526 705 in
550 648 644 723 capite
664 664 732 705 meo
761 646 855 704 solum
876 646 1066 717 elaborarunt,

121 742 266 818 reliquum
290 760 397 821 corpus
423 742 624 820 imperfectum
646 763 680 803 ae
701 744 773 802 rude
793 744 976 819 reliquerunt.
1021 746 1068 802 16.

123 838 161 899 In
175 858 237 916 quo
250 857 308 917 ego
323 858 406 917 spem
424 842 510 900 fefelli
530 862 590 902 non
612 843 702 901 modo
722 841 894 911 invidorum,
910 842 962 899 sed
981 841 1068 899 etiam

123 936 309 997 inimieorum
329 953 469 1011 meorum,
492 941 540 1017 qui
562 940 598 998 de
620 959 679 998 uno
701 940 841 998 acerrimo
863 948 891 997 et
912 938 1067 997 fortissimo

123 1035 185 1095 viro
199 1052 327 1113 meoque
345 1037 452 1096 iudicio
474 1039 606 1096 omnium
627 1036 826 1112 magnitudine
848 1036 936 1093 animi
955 1045 983 1094 et
997 1053 1067 1094 con·

123 1133 231 1192 stantia
251 1136 499 1211 praestantissimo
521 1136 559 1208 Q.
574 1131 694 1194 Metello
712 1134 746 1192 L.
760 1133 779 1192 f.
795 1134 946 1209 quondam
966 1132 1069 1192 falsam

123 1230 295 1307 opinionem
309 1244 492 1309 acceperunt,
504 1252 592 1311 quem
610 1244 679 1310 post
695 1232 819 1291 reditum
834 1232 963 1289 dictitant
977 1230 1068 1289 fracto

123 1329 227 1388 animo
247 1339 277 1388 et
297 1329 426 1390 demisso
446 1330 551 1402 fuisse;
576 1326 632 1412 [est
652 1348 721 1388 vero
742 1324 948 1410 probandum]
971 1330 1020 1405 qui
1041 1339 1069 1388 et

123 1444 241 1487 namma
267 1426 413 1487 voluntate
443 1430 561 1488 cesserit
594 1439 624 1487 et
654 1428 771 1505 egregia
803 1427 892 1485 animi
925 1427 1069 1485 alacritate

123 1523 229 1585 afuerit
248 1543 344 1603 neque
365 1543 436 1585 sane
452 1527 544 1586 redire
565 1527 677 1596 curarit,
692 1543 760 1583 eum
780 1526 820 1583 ob
837 1523 867 1582 id
885 1525 982 1599 ipsum
996 1522 1069 1580 frac-

123 1634 187 1682 tum
212 1620 309 1693 fuisse,
331 1620 362 1680 in
383 1641 443 1700 quo
468 1642 535 1682 cum
558 1640 662 1683 omnes
684 1622 819 1680 homines
840 1631 902 1679 tnm
925 1620 966 1678 M.
989 1621 1067 1678 illum

124 1720 269 1781 Scaurum
283 1719 458 1795 singularem
476 1722 568 1779 virum
588 1721 751 1779 constantia
768 1729 796 1777 et
816 1719 953 1794 gravitate
970 1736 1068 1792 super·

123 1821 221 1880 asset!
243 1818 304 1889 sed,
319 1820 399 1894 quod
413 1819 450 1878 de
463 1819 512 1878 illo
526 1828 699 1896 acceperant
712 1827 762 1876 aut
781 1817 867 1875 etiarn
882 1816 1069 1890 suspicaban-

123 1928 180 1987 tur,
194 1916 232 1976 de
245 1934 293 1974 me
314 1915 392 1974 idem
405 1917 580 1992 cogitabant,
595 1917 748 1974 abiectiore
763 1915 861 1972 animo
881 1932 928 1971 me
943 1912 1068 1971 futurum

123 2031 193 2075 oum
217 2032 264 2073 res
291 2011 408 2090 publica
434 2015 575 2071 maiorem
603 2014 690 2072 etiam
717 2012 788 2070 mihi
816 2011 953 2081 animum,
981 2028 1068 2085 quam

122 2129 266 2189 nmquam
284 2111 459 2181 habuissem,
475 2112 563 2180 daret,
578 2129 645 2169 cum
665 2111 837 2168 declarasset
859 2127 889 2167 se
909 2126 969 2166 non
984 2123 1068 2184 potu-

122 2209 183 2269 isse
195 2226 245 2266 me
258 2225 318 2267 uno
332 2208 386 2266 civi
407 2223 523 2280 carere;
545 2226 670 2284 cumque
690 2207 840 2265 Metellum
858 2207 943 2264 unius
964 2205 1069 2262 tribuni

123 2306 165 2385 pl.
185 2306 309 2383 rogati0,
327 2325 376 2364 me
395 2305 527 2364 universa
547 2322 593 2363 res
614 2305 737 2381 publica,
757 2305 830 2363 duce
852 2314 962 2373 senatu,
978 2303 1068 2360 corni·

122 2413 205 2465 tante
225 2403 316 2473 Italia,
332 2403 584 2480 promulgantibus
603 2413 672 2462 octo
692 2405 821 2467 tribunis.
839 2402 979 2461 referente
998 2418 1069 2458 con·

123 2502 187 2563 sule
204 2501 330 2561 comitiis
343 2501 517 2571 centuriatis
532 2501 644 2559 cunctis
661 2502 820 2571 ordinibus
838 2499 1004 2558 hominibus
1025 2499 1080 2562 in-,

123 2599 338 2670 cumbentibus,
352 2599 488 2656 omnibus
503 2598 629 2674 denique
648 2599 707 2657 suis
720 2599 826 2656 viribus
845 2597 1066 2673 reciperavisset.

127 2710 175 2772 17.
196 2694 303 2772 Neque
330 2713 399 2754 vero
429 2714 486 2772 ego
509 2694 579 2753 mihi
606 2706 709 2772 postea
737 2697 893 2772 quicquam
920 2694 1068 2769 adsumpsi

122 2812 223 2871 neque
235 2793 323 2853 hodie
337 2793 469 2865 adsumo,
480 2794 560 2870 quod
574 2812 751 2870 quemquam
765 2792 1069 2852 malevolentissimum

122 2894 186 2953 iure
210 2891 303 2969 possit
325 2890 492 2949 offendere:
522 2901 634 2949 tantum
662 2894 763 2962 enitor,
788 2901 820 2949 ut
846 2909 942 2966 neque
970 2890 1070 2947 amicis

122 3006 222 3067 neque
243 2987 331 3046 etiam
353 2987 536 3047 alienioribus
564 3005 664 3064 opera,
684 2989 815 3059 consilio
839 2987 938 3045 labore
967 2987 1067 3045 desim.

122 3086 185 3149 Hic
205 3102 291 3145 meae
314 3086 388 3144 vitae
407 3103 507 3144 cursus
529 3085 650 3144 offendit
671 3105 723 3144 eos
743 3085 874 3155 fortasse,
899 3084 948 3160 qui
973 3084 1069 3159 splen·

121 3184 228 3247 dorem
241 3193 271 3243 et
285 3184 412 3260 speciem
426 3183 511 3242 huius
525 3185 598 3242 vitae
613 3185 766 3248 intuentur.
782 3183 1003 3241 sollicitudinem
1017 3202 1069 3241 au-

121 3294 184 3345 tem
211 3291 241 3341 et
269 3281 399 3340 laborem
429 3280 593 3357 perspicere
621 3300 682 3340 non
711 3290 840 3356 possunt.
899 3280 973 3337 Illud
1001 3301 1068 3340 vero

122 3398 186 3443 non
206 3379 332 3440 obscure
353 3389 519 3455 queruntur,
537 3380 568 3437 in
583 3380 654 3437 meis
670 3378 827 3450 sententiis
843 3379 948 3455 quibus
965 3395 1068 3436 ornem

586 3494 606 3537 o
