2498 3840
137 194 193 280 ῃ]
270 207 383 258 erran
407 206 457 255 An
477 206 699 257 FAMILIARES
716 209 756 256 rr.
784 209 831 274 13.
960 210 1022 274 -109

130 358 158 418 id
179 369 223 417 est
244 377 356 429 causae,
379 377 429 416 cur
450 357 520 416 mihi
540 375 601 416 non
625 357 655 414 in
677 356 783 432 optatis
808 355 844 414 sit
868 354 1021 431 complecti

130 458 227 513 ninem
255 457 406 514 florentem
432 451 534 526 aetate,
560 455 674 530 opibus,
700 453 868 522 honoribus,
893 453 1020 527 ingenie,

130 554 183 624 eris,
216 553 396 629 propinquis,
428 553 580 621 adfinibus,
612 551 711 609 amicis
747 550 889 625 collegam
922 566 1022 607 meum

130 633 247 709 esertim
267 651 344 708 etin
363 651 426 725 ipsa
447 649 560 724 collegii
579 648 664 706 laude
683 657 713 704 et
727 648 846 706 scientia
860 647 1021 706 studiosum

130 749 156 806 i?
184 748 256 805 haec
277 766 313 806 eo
332 748 460 824 pluribus
482 747 591 822 scripsi,
613 745 693 821 quod
713 764 767 803 non
788 745 858 821 nihil
879 746 1022 821 significa·

130 855 148 902 rt
170 856 236 903 tuae
257 845 366 903 litterae
388 845 572 902 subdubitare
596 850 628 912 te,
650 860 709 917 qua
733 860 827 900 essem
851 861 919 918 erga
943 828 1023 901 illum

130 953 235 1001 untate.
278 941 375 1001 Credo
403 952 432 999 te
456 942 570 1000 audisse
598 940 721 1016 aliquid:
750 940 854 997 falsum
878 949 929 1010 est,
952 941 1022 998 mihi

130 1041 173 1109 de,
193 1040 217 1097 si
238 1039 308 1115 quid
329 1039 439 1096 audisti.
482 1037 584 1096 Genus
609 1038 801 1095 institutorum
826 1046 855 1095 et
877 1039 1023 1095 rationum

130 1155 211 1195 arum
225 1136 483 1194 dissimilitudinem
498 1152 559 1192 non
573 1134 681 1192 nullam
696 1134 783 1191 habet
797 1151 863 1191 cum
880 1133 953 1193 illius
972 1137 1023 1194 ad·

130 1235 290 1293 ristratione
309 1234 491 1308 provinciae:
515 1251 552 1291 ex
571 1249 607 1289 eo
621 1230 739 1306 quidam
754 1230 889 1305 suspicati
903 1231 1023 1293 fortasse

130 1340 156 1402 rt,
182 1332 345 1388 animorum
375 1331 570 1400 contentione,
598 1347 659 1386 non
687 1328 859 1403 opinionum
887 1330 1023 1407 dissensi-¹

130 1448 138 1487 e
162 1448 211 1486 me
238 1430 275 1485 ab
303 1446 339 1485 eo
368 1429 545 1502 discrepare;
582 1426 652 1483 nihil
679 1435 776 1483 autem
804 1426 860 1484 ieci
884 1445 1024 1504 umquam

130 1546 176 1603 [ue
198 1526 265 1595 dixi,
289 1525 369 1600 quod
384 1514 491 1594 contra
518 1525 591 1582 illius
613 1524 853 1581 existimationem
881 1543 945 1583 esse
967 1527 1024 1584 vel-

130 1644 148 1682 r.
190 1623 260 1682 Post
288 1624 345 1682 hoc
369 1624 518 1698 negotium
540 1632 637 1679 autem
664 1631 691 1679 et
719 1621 906 1678 temeritatem
934 1626 1025 1681 nostri

130 1722 251 1779 labellae
283 1721 500 1796 deprecatorem
531 1739 579 1777 me
611 1736 664 1795 pro
695 1718 768 1776 illius
784 1718 911 1793 periculo
942 1738 1024 1796 prae·

130 1839 154 1878 r,
203 1838 229 1893 3.
250 1817 319 1876 Erat
347 1819 377 1874 in
410 1819 512 1876 eadem
546 1818 668 1893 epistola
695 1823 844 1874 ‘veternus
875 1817 1024 1876 civitatis:'

130 1916 246 1974 rdebam
268 1934 337 1973 sane
358 1927 386 1973 et
407 1917 577 1990 congelasse
600 1924 731 1972 nostrum
753 1915 879 1972 amicum
898 1915 1025 1974 laetabar

130 2033 152 2072 a.
204 2014 343 2071 Extrema
372 2013 486 2088 pagella
518 2013 641 2088 pupugit
671 2030 719 2070 me
746 2022 797 2070 tuo
825 2010 1025 2090 chirographo

130 2111 163 2169 id
192 2111 255 2168 ais?
290 2109 445 2167 Caesarem
473 2128 551 2167 nunc
580 2108 707 2168 defendit
735 2109 844 2167 Curio?
878 2110 943 2185 quis
970 2110 1026 2168 hoc

130 2218 196 2266 arat
216 2216 328 2283 praeter
346 2208 415 2264 me?
437 2225 512 2278 nam,
528 2208 567 2265 ita
586 2208 688 2277 vivam,
706 2207 810 2282 putavi.
852 2207 891 2265 Di
909 2207 1026 2266 immor-

130 2309 169 2365 es!
193 2324 281 2382 quam
303 2322 359 2379 ego
382 2305 471 2361 risum
493 2292 625 2363 nostrum
645 2305 793 2363 desidero!
826 2302 899 2361 Mihi
918 2315 978 2362 erat
997 2306 1027 2362 in

131 2421 191 2474 m0,
213 2392 352 2479 quoniam
377 2401 603 2459 iurisdictionem
624 2402 814 2471 confeceram,
836 2403 963 2460 civitates
986 2402 1027 2459 lo-

130 2502 268 2564 ›letaram‚
284 2499 445 2574 publicanis
463 2501 549 2556 etiam
569 2500 723 2574 superioris
741 2500 821 2557 lustri
839 2500 948 2574 reliqua
966 2502 1027 2572 sine

130 2600 230 2656 :iorum
251 2597 308 2654 ulla
328 2597 445 2671 querela
469 2614 678 2665 conservarem,
700 2597 815 2672 privatis
839 2598 960 2655 summis
984 2599 1027 2654 in·

130 2697 157 2753 is
173 2696 285 2753 sueram
305 2694 456 2763 iucundus,
472 2695 616 2768 proficisci
635 2695 665 2750 in
680 2694 809 2752 Ciliciam
829 2693 923 2752 Nonis
943 2694 1028 2753 Maiis

135 2809 204 2850 curn
227 2792 320 2866 prima
338 2792 446 2847 aestiva
465 2791 623 2866 attigissem
638 2809 694 2847 rem
709 2791 915 2866 militaremque
930 2793 1028 2849 conlo·

130 2907 208 2959 sem,
224 2887 364 2945 decedere
380 2906 416 2945 ex
431 2897 547 2944 senatus
563 2888 704 2946 consulto
747 2888 842 2966 Cupio
859 2898 887 2946 te
907 2889 1028 2957 aedilem

131 3006 179 3044 ere
202 2985 333 3061 miroque
356 2984 496 3043 desiderio
518 3002 566 3043 me
587 2985 655 3044 urbs
679 2986 775 3043 adficit
797 2995 824 3043 et
847 3002 950 3043 omnes
970 2986 1028 3044 mei

130 3103 172 3160 lue
189 3083 217 3140 in
233 3084 347 3158 primis..
