2392 3848
115 172 242 271 aasz]
332 191 446 246 uersu.
464 193 515 243 ar>
535 191 700 244 arricum
719 194 769 244 xx.
797 198 845 246 12.
1000 175 1060 262 183

329 441 379 499 82.
420 439 477 499 AD
504 439 700 500 ATTICUM
727 442 780 500 XI.
800 461 844 500 12.

149 545 217 610 Seru
241 546 395 610 Bnmmrsn
415 569 443 611 a.
458 569 485 610 u.
508 570 569 610 vur.
591 551 661 611 qus
681 551 820 612 Mnxrrns
841 570 926 612 nuc.
949 564 964 626 7
991 563 1017 626 7.

437 676 539 719 crcuxo
559 677 665 719 amco
686 678 747 718 sar..

159 788 185 829 1.
206 768 359 830 Csrrrauo
379 771 450 830 mihi
467 791 486 831 a
504 782 532 831 te
552 772 659 831 litteras
678 775 802 832 reddidit
821 793 844 833 a
861 775 887 833 d.
910 793 969 832 v111.
990 774 1061 832 idus
1125 781 1128 787 ’

112 864 204 928 Mara
217 886 346 944 vespere.
387 867 434 928 Eo
454 879 551 928 autem
570 870 617 929 die
630 889 716 929 mane
734 871 896 929 tabellarios
915 873 1060 941 miseram,

113 966 224 1044 quibus
243 967 283 1032 ad
302 976 330 1025 te
352 967 490 1026 dederam
512 968 635 1027 litteras:
656 970 712 1026 tuis
736 978 834 1027 tamen
858 969 938 1027 lectis
963 970 1062 1026 litteris

111 1064 215 1141 putavi
231 1064 340 1140 aliquid
357 1066 575 1125 rescribendum
594 1085 666 1137 esse,
682 1067 819 1137 maxime,
834 1067 913 1142 quod
932 1066 1061 1124 ostendis

111 1172 144 1221 te
162 1162 292 1238 pendere
312 1163 409 1236 animi,
425 1182 584 1239 quamnam
601 1165 743 1222 rationem
762 1164 817 1222 sim
831 1163 949 1222 Caesari
964 1164 1062 1222 allatu-

112 1278 165 1320 rus
189 1259 378 1336 profectionis
401 1279 484 1319 meae
512 1271 583 1331 tum,
608 1279 676 1318 cum
701 1279 737 1319 ex
763 1261 846 1319 Italia
870 1255 1063 1320 discesserim

112 1356 197 1416 Nihil
218 1375 294 1433 opus
316 1367 360 1415 est
379 1357 450 1414 mihi
470 1375 546 1415 nova
567 1359 694 1430 ratione;
725 1376 812 1434 saepe
832 1359 911 1416 enim
935 1359 973 1416 ad
994 1377 1061 1417 eum

112 1456 220 1531 scripsi
240 1455 396 1532 multisque
414 1456 551 1513 mandavi
570 1474 617 1513 me
639 1475 700 1514 non
719 1458 858 1532 potuisse,
879 1476 948 1515 cum
966 1459 1061 1534 cupis-

113 1570 191 1623 sem,
219 1570 370 1611 sermones
398 1552 552 1611 hominum
586 1555 734 1624 sustinere,
763 1554 911 1630 multaque
938 1556 969 1613 in
996 1573 1062 1613 eam

114 1651 299 1711 sententiam.
341 1649 422 1708 Nihil
446 1650 524 1709 enirn
553 1659 621 1720 erat,
644 1651 725 1726 quod
749 1652 845 1709 minus
869 1670 936 1709 eum
960 1651 1062 1709 vellem

113 1747 291 1819 existimare,
307 1765 396 1824 quam
410 1765 458 1805 me
472 1756 552 1805 tanta
572 1748 607 1805 de
625 1767 655 1805 re
675 1766 735 1806 non
752 1766 820 1806 meo
839 1748 961 1806 consilio
976 1767 1062 1807 usum

114 1863 191 1905 esse.
233 1842 407 1920 Posteaque,
432 1863 500 1902 cum
528 1844 598 1901 mihi
626 1845 734 1903 litterae
763 1863 781 1903 a
805 1845 898 1902 Balbo
924 1845 1061 1904 Cornelio

114 1943 232 2002 minore
251 1943 358 2001 missae
380 1950 477 2000 essent
498 1942 579 1999 illum
600 1943 763 2000 existimare
781 1941 923 2014 Quintum
945 1943 1062 2001 fratrem

113 2040 220 2099 lituum
238 2058 323 2098 meae
341 2039 530 2117 profectionis
549 2039 718 2098 fuisse-ita
739 2042 818 2098 enim
837 2041 998 2116 scripsit-,
1012 2044 1062 2118 qui

113 2137 251 2197 nondum
271 2154 456 2212 cognossem,
476 2154 552 2212 quae
574 2137 611 2194 de
632 2154 680 2194 me
695 2136 822 2208 Quintus
843 2138 1003 2213 scripsisset
1024 2139 1063 2197 ad

113 2234 234 2305 multos,
249 2234 302 2293 etsi
316 2233 406 2291 multa
419 2251 558 2308 praesens
578 2234 608 2291 in
626 2245 809 2309 praesentem
829 2237 932 2294 acerbe
951 2235 1062 2296 dixerat

114 2340 146 2391 et
169 2330 285 2402 fecerat,
307 2340 407 2389 tamen
428 2330 518 2388 nihilo
539 2331 635 2388 minus
656 2330 701 2388 his
722 2333 816 2391 verbis
845 2333 883 2390 ad
906 2332 1062 2393 Caesarem

114 2429 236 2506 scripsi:

158 2544 186 2584 a.
208 2525 272 2584 ‘De
287 2524 399 2597 Quinto
419 2525 505 2583 fratre
524 2544 591 2585 meo
609 2544 672 2584 non
691 2527 787 2585 minus
801 2527 903 2587 laboro
918 2548 1006 2607 quarn
1024 2531 1061 2589 de

114 2643 165 2684 me
179 2625 252 2700 ipso,
268 2624 320 2682 sed
334 2640 402 2682 eum
416 2624 467 2682 tibi
481 2625 687 2682 commendare
698 2625 755 2682 hoc
769 2644 837 2684 meo
852 2638 985 2703 tempore
1000 2646 1062 2685 non

115 2722 212 2781 audeo
224 2740 233 2794 ς
255 2721 325 2779 illud
339 2722 489 2779 dumtaxat
503 2732 600 2780 tamen
614 2723 729 2780 audebo
745 2733 844 2799 petere
862 2727 914 2783 abs
928 2735 965 2794 te,
980 2725 1061 2800 quod

114 2834 145 2882 te
159 2840 223 2893 oro,
237 2841 275 2881 ne
290 2822 360 2899 quid
379 2823 526 2881 existimes
545 2825 582 2881 ab
603 2824 652 2882 illo
672 2824 780 2883 factum
799 2844 871 2896 esse,
887 2845 946 2901 quo
964 2827 1060 2884 minus

115 2939 184 2980 mea
197 2923 229 2978 in
243 2931 271 2979 te
285 2921 380 2979 officia
395 2932 562 2979 constarent
580 2923 711 2980 minusve
731 2933 759 2980 te
777 2923 935 2998 diligerem,
950 2925 1061 2999 potius·

116 3036 175 3095 que
195 3035 311 3093 semper
331 3017 410 3075 illum
428 3028 579 3077 auctorem
599 3029 717 3077 nostrae
739 3020 951 3079 coniunctionis
973 3020 1061 3079 luisse

116 3116 234 3191 meique
255 3116 363 3173 itineris
385 3116 531 3187 comitem,
549 3134 610 3174 non
632 3117 755 3175 ducem:
777 3134 886 3192 quare
908 3119 1009 3176 ceteris
1030 3120 1061 3177 in

116 3213 202 3272 rebus
216 3221 329 3271 tanturn
344 3213 370 3271 ei
388 3213 503 3285 tribues,
519 3224 659 3290 quantum
674 3214 837 3272 humanitas
857 3225 905 3272 tua
922 3216 1060 3274 amicitia·

118 3328 174 3390 qne
188 3321 284 3370 vestra
297 3312 440 3387 postulat;
463 3330 520 3388 ego
539 3312 566 3371 ei
584 3331 621 3370 ne
636 3313 706 3388 quid
725 3312 804 3390 apud
822 3323 849 3371 te
869 3314 974 3387 obsim,
988 3315 1019 3375 id
1032 3325 1061 3375 te

117 3407 302 3470 vehementer
315 3411 402 3469 etiam
417 3419 503 3486 atque
518 3411 604 3469 etiam
618 3407 711 3487 rogo!
