2498 3840
146 199 211 261 214
359 193 466 245 wrr.
487 194 607 243 rumrr
627 192 818 244 eternovrs
971 180 1091 266 [ranrv.

147 353 196 404 aut
213 343 332 420 victoria
353 342 487 405 detractis
506 346 605 405 civitas
627 344 815 422 respiraverit,
830 352 860 404 et
879 343 1021 421 dignitate
1042 354 1094 404 tua

147 442 201 499 frui
214 443 266 499 tibi
284 450 312 500 et
332 441 452 501 fortunis
471 443 589 516 licebit;
611 443 655 501 sin
672 443 794 501 omnino
814 441 974 501 interierint
992 443 1095 502 omnia

147 537 287 614 fueritque
301 541 325 598 is
340 541 440 610 exitus,
456 558 544 617 quem
558 541 599 598 vir
613 539 861 617 prudentissimus,
873 539 916 598 M.
932 539 1093 612 Antonius,

147 637 206 695 iam
226 647 289 695 tum
308 637 436 709 timebat,
451 658 518 697 cum
538 647 651 697 tantum
671 639 779 696 instare
800 636 944 696 malorum
965 639 1094 715 suspica·

148 736 239 806 batur,
259 734 365 795 misera
389 746 433 795 est
456 737 504 795 illa
526 736 645 812 quidem
665 735 836 806 consolatio,
851 735 901 794 tali
921 736 1095 813 praesertim

149 833 202 891 civi
223 842 252 890 et
272 833 342 903 viro,
364 835 417 894 sed
440 844 539 893 tamen
562 833 732 903 necessaria,
755 832 826 891 nihil
848 850 913 892 esse
936 832 1096 910 praecipue

148 931 283 1007 cuiquam
310 931 469 990 dolendum
496 933 526 990 in
554 950 600 1001 e0,
622 930 703 1007 quod
730 931 842 989 accidat
869 931 1020 990 universis.
1065 950 1094 1005 3.

150 1027 234 1099 Quae
248 1029 290 1086 vis
310 1029 377 1088 insit
395 1029 425 1087 in
444 1029 488 1088 his
507 1029 607 1104 paucis
624 1025 843 1102 verbis—plura
861 1027 941 1085 enim
961 1028 1097 1087 commit·

149 1125 237 1184 tenda
263 1126 402 1202 epistolae
429 1145 490 1185 nou
518 1135 649 1196 erant-,
678 1125 701 1183 si
735 1124 875 1196 attendes,
904 1125 986 1202 quod
1012 1125 1098 1198 facis,

148 1224 281 1300 prolecto
309 1225 395 1283 etiam
424 1226 485 1284 sine
512 1225 585 1284 meis
612 1224 711 1283 litteris
741 1223 891 1299 intelleges
924 1234 953 1283 te
986 1224 1099 1302 aliquid

148 1321 265 1393 habere,
279 1322 359 1399 quod
383 1341 490 1399 speres,
506 1323 583 1393 nihil,
598 1321 678 1398 quod
701 1331 750 1380 aut
773 1321 831 1380 hoc
855 1331 905 1380 aut
930 1322 1031 1400 aliquo
1056 1325 1099 1383 rei

149 1421 281 1496 publicae
296 1430 371 1479 statu
384 1421 503 1493 timeas;
524 1420 624 1480 omnia
643 1420 666 1478 si
686 1419 852 1490 interierint,
868 1437 937 1478 cum
958 1424 1101 1497 supersti-

43 1512 46 1519 ’
150 1527 210 1577 tem
228 1528 257 1576 te
277 1536 342 1576 esse
362 1517 551 1595 reipublicae
572 1535 609 1576 ne
630 1516 655 1575 si
675 1516 758 1574 liceat
773 1516 892 1592 quidem
906 1517 985 1588 velis,
1000 1517 1102 1578 feren-

150 1615 221 1676 dam
241 1634 304 1677 esse
319 1615 473 1685 fortunam,
487 1615 656 1690 praesertim
670 1631 747 1691 quae
769 1613 843 1671 absit
862 1631 880 1671 a
900 1614 993 1690 culpa
1038 1616 1103 1676 Sed

151 1714 224 1773 haec
238 1714 386 1772 hactenus,
427 1713 477 1771 Tu
491 1713 576 1770 velim
592 1712 700 1770 scribas
715 1710 753 1769 ad
766 1727 822 1782 me,
834 1711 905 1787 quid
919 1731 989 1788 agas
1003 1723 1035 1773 et
1048 1715 1101 1774 ubi

151 1812 263 1871 futurus
290 1812 338 1882 sis,
360 1819 391 1868 ut
416 1819 465 1868 aut
489 1826 548 1886 quo
577 1810 703 1868 scribam
727 1816 776 1867 aut
801 1826 860 1885 quo
885 1811 1000 1870 veniam
1024 1811 1101 1871 scire

152 1927 272 1988 possrm.

330 2067 396 2124 101.
438 2062 495 2124 AD
516 2062 770 2124 FAMILIARES
792 2063 845 2124 IV.
869 2084 915 2124 12.

276 2181 341 2242 Sca.
362 2181 495 2240 Aruuurs
516 2199 559 2240 ru.
581 2180 658 2240 Knr.
681 2179 784 2241 lururs
807 2199 891 2242 auc.
914 2195 983 2257 709.

393 2305 512 2347 suuvrus
532 2305 665 2347 crcrruoru
685 2305 746 2346 sna.
769 2304 854 2345 rann.

198 2424 222 2464 1.
242 2402 315 2462 Ersr
341 2402 403 2461 scio
429 2420 491 2460 non
514 2401 755 2461 iucundissimum
783 2420 832 2460 me
860 2402 995 2460 nuntium
1016 2401 1105 2464 vobis

154 2503 324 2570 adlaturum,
336 2508 434 2558 tamen
448 2499 587 2576 quoniam
601 2517 686 2557 casus
701 2508 729 2557 et
743 2509 845 2557 natura
858 2499 888 2556 in
903 2499 990 2558 nobis
1003 2498 1102 2559 domi·

153 2610 246 2670 natur,
261 2599 354 2657 visum
373 2607 417 2655 est
433 2592 635 2678 [faciendum],
650 2614 769 2672 quoquo
789 2598 880 2656 modo
899 2615 946 2656 res
965 2616 997 2656 se
1010 2597 1103 2658 habe·

154 2709 206 2771 ret,
231 2715 284 2756 vos
313 2696 449 2755 certiores
478 2694 580 2755 facere.
623 2694 659 2753 A.
685 2695 711 2754 d
738 2714 766 2754 x.
792 2694 857 2754 Kal.
880 2694 945 2755 lun.
966 2714 1036 2755 cum
1063 2699 1104 2758 ab

153 2797 303 2874 Epidauro
314 2794 447 2852 Piraeum
462 2793 527 2852 navi
542 2792 678 2852 advectus
692 2811 795 2863 essem,
811 2793 849 2850 ibi
859 2793 907 2852 M.
919 2793 1102 2869 Marcellum,

155 2896 298 2970 collegam
313 2902 453 2962 nostrum,
466 2890 589 2950 conveni
601 2908 726 2965 eumque
740 2890 818 2949 diem
829 2890 867 2948 ibi
878 2893 1059 2967 consumpsi,
1070 2903 1103 2952 ut

155 3012 223 3054 cum
236 3010 272 3052 eo
288 3008 393 3051 essem.
435 2988 557 3048 Postero
578 2988 624 3046 die
643 3006 711 3046 curn
726 2988 763 3046 ab
783 3005 819 3045 eo
839 2987 986 3064 digressus
1004 3006 1103 3050 essem

155 3110 192 3152 eo
212 3089 341 3161 consiliu,
357 3099 389 3148 ut
408 3089 445 3147 ab
459 3087 581 3145 Athenis
601 3087 632 3145 in
646 3084 799 3145 Boeotiam
813 3085 885 3143 irem
902 3085 1104 3163 reliquamque

156 3188 382 3248 iurisdictionem
401 3185 589 3254 absolverem,
604 3183 658 3254 ille,
672 3193 705 3242 ut
724 3183 827 3253 aiebat,
842 3201 930 3259 supra
944 3182 1058 3243 Maleas
1071 3185 1103 3244 in

157 3284 270 3345 Italiam
293 3302 392 3343 versus
416 3283 601 3358 navigaturus
625 3290 694 3340 erat.
740 3300 766 3340 a.
787 3281 858 3339 Post
883 3280 961 3339 diem
985 3283 1113 3342 tertium·

156 3385 219 3463 eius
240 3382 304 3455 diei,
326 3400 393 3441 cum
413 3381 450 3440 ab
472 3380 594 3440 Athenis
615 3379 758 3458 proficisci
781 3379 812 3438 in
833 3379 932 3439 animo
952 3377 1103 3453 haberem,
