2392 3848
64 218 108 281 ap.
119 228 175 281 109,
187 202 258 286 not]
292 214 404 266 rerer.
420 214 469 263 Aa
483 214 648 264 arricum
659 216 731 265 xrr.
751 219 788 288 13
804 217 835 263 a.
945 220 1005 287 225

63 382 146 449 patre
165 373 244 433 eius:
264 391 326 433 non
347 374 555 450 contempseris
579 373 656 431 hanc
678 372 833 445 familiam3
856 373 1006 432 honestius

61 472 141 531 enim
173 482 204 529 et
238 471 372 530 libentius
400 471 574 547 deponimus
608 471 771 529 inimicitias
799 473 839 529 rei
874 471 1006 547 publicae

61 568 183 627 nomine
203 578 353 645 susceptas
376 588 464 646 quam
489 568 698 626 contumaciae.
741 566 792 626 Me
813 568 918 627 deinde
943 569 1006 626 sine

61 666 102 725 ad
121 665 197 725 hanc
211 667 380 743 opinionem
400 667 458 724 iam
478 683 557 724 nunc
576 665 701 740 dirigere
720 683 844 741 puerum
859 675 887 724 et
906 675 1007 724 tenero

59 764 162 823 animo
186 764 249 823 eius
271 763 446 840 persuadere
468 781 530 821 non
554 780 619 821 esse
644 762 800 821 tradendas
820 763 944 839 posteris
964 763 1007 820 in·

59 861 201 922 imicitias
243 860 433 937 Quamquam
453 870 535 918 tuam
555 859 712 931 fortunam,
733 858 847 931 Cicero,
868 860 905 918 ab
926 862 1008 918 omni

59 958 191 1035 periculo
215 961 318 1018 abesse
343 970 453 1017 certum
475 957 579 1028 habeo,
601 967 699 1015 tamen
722 958 844 1015 arbitror
868 958 954 1017 malle
979 967 1007 1016 te

59 1056 189 1133 quietam
213 1066 392 1116 senectutem
414 1066 442 1113 et
466 1054 657 1113 honorificam
685 1056 782 1130 potius
810 1073 895 1132 agere
918 1074 1007 1131 quam

59 1154 222 1213 sollicitam.
265 1155 417 1214 Postremo
431 1171 498 1211 meo
513 1154 573 1211 iure
594 1163 622 1211 te
640 1151 699 1211 hoc
719 1153 893 1211 beneficium
913 1171 1006 1229 rogo;

59 1251 134 1311 nihil
160 1252 239 1311 enim
267 1269 329 1310 non
349 1262 399 1310 tua
419 1268 507 1309 causa
527 1250 590 1310 feci.
635 1250 725 1322 Quod
745 1251 769 1309 si
791 1268 852 1307 non
873 1251 1006 1326 impetr0,

58 1366 116 1426 per
141 1368 190 1408 me
217 1348 323 1408 Clodio
345 1347 464 1407 daturus
487 1365 549 1406 non
571 1365 645 1418 sum,
669 1358 701 1406 ut
725 1347 882 1423 intellegas,
907 1351 1007 1423 quanti

59 1446 142 1523 apud
168 1464 216 1505 me
244 1447 399 1505 auctoritas
426 1454 476 1504 tua
504 1446 548 1516 sit,
571 1455 658 1522 atque
681 1463 718 1503 eo
743 1456 770 1502 te
793 1445 1008 1521 placabiliorem

59 1546 212 1623 praebeas.

232 1705 298 1760 110.
339 1700 396 1758 AD
418 1698 612 1758 ATTICUM
634 1698 715 1757 XIV.
740 1717 776 1774 13
798 1698 832 1758 Β.

326 1833 428 1876 CICERO
449 1834 575 1875 ANTONIO
596 1833 653 1875 COS·
676 1832 699 1873 S.
720 1832 746 1871 D.

107 1929 245 2003 1.Qoon
268 1949 385 1989 mecum
409 1947 461 2005 per
483 1929 589 1987 litteras
614 1929 685 2003 agis,
710 1945 799 1985 unam
823 1927 862 1984 ob
885 1945 1006 1985 causam

60 2028 181 2087 mallem
195 2045 295 2088 coram
309 2028 438 2102 egisses:
460 2027 615 2085 nonenim
634 2025 729 2084 solum
749 2043 785 2082 ex
799 2025 938 2096 oratione,
956 2025 1008 2082 sed

61 2126 153 2185 etiam
170 2142 208 2184 ex
222 2125 300 2185 voltu
315 2134 344 2182 et
358 2124 450 2183 oculis
463 2134 492 2182 et
511 2124 615 2192 fronte,
629 2132 661 2180 ut
675 2123 764 2192 aiunt,
778 2140 877 2180 meum
896 2141 965 2197 erga
979 2135 1007 2181 te

61 2242 197 2283 amorem
227 2224 391 2300 perspicere
424 2222 588 2298 potuisses3
624 2239 700 2289 nam,
730 2237 798 2277 cum
830 2231 858 2278 te
892 2238 1007 2297 semper

61 2321 167 2392 amavi,
187 2320 314 2396 primum
336 2330 386 2377 tuo
409 2319 511 2390 studio,
534 2328 602 2396 post
623 2318 709 2375 etiam
730 2317 873 2376 beneficio
901 2335 1007 2394 provo·

61 2428 155 2488 catus,
169 2427 232 2475 tum
253 2417 297 2476 his
317 2417 496 2493 temporibus
516 2434 563 2474 res
583 2416 699 2492 publica
720 2425 748 2472 te
769 2414 840 2472 mihi
861 2415 900 2472 ita
925 2433 1006 2474 com·

61 2515 220 2585 mendavit,
230 2524 262 2573 ut
275 2515 416 2572 cariorem
429 2514 552 2571 habeam
563 2514 718 2570 neminem.
764 2532 788 2570 a.
804 2512 928 2570 Litterae
938 2533 1006 2572 vero

61 2622 132 2671 tuae
159 2630 226 2671 cum
252 2611 456 2681 amantissime,
478 2622 539 2668 turn
567 2610 857 2669 honorificentissime
883 2613 1006 2686 scriptae

62 2713 107 2772 sic
127 2729 176 2770 me
196 2709 374 2779 adfecerunt,
395 2719 426 2766 ut
447 2727 508 2766 non
529 2709 597 2767 dare
619 2710 669 2767 tibi
691 2709 866 2767 beneficium
887 2711 1005 2779 viderer,

63 2808 117 2869 sed
131 2809 262 2884 accipere
277 2826 295 2866 a
308 2817 336 2865 te
351 2809 389 2864 ita
404 2815 527 2883 petente,
542 2816 573 2864 ut
587 2807 736 2865 inimicum
750 2826 856 2877 meum,
872 2826 1005 2866 necessa-

62 2908 138 2965 rium
152 2916 244 2977 tuum,
259 2924 307 2962 me
321 2906 410 2963 invito
422 2922 533 2962 servare
548 2905 647 2975 nolles,
669 2924 736 2963 cum
750 2905 779 2962 id
794 2905 872 2963 nullo
887 2908 1006 2981 negotio

61 3003 160 3064 lacere
187 3021 298 3079 posses.
342 3022 368 3077 3.
390 3002 457 3077 Ego
484 3019 552 3060 vero
579 3002 630 3059 tibi
652 3002 732 3071 istuc,
755 3002 795 3058 mi
819 3003 939 3074 Antoni,
963 3022 1005 3061 re-

62 3102 157 3171 mitto,
181 3110 267 3176 atque
289 3101 335 3170 ita,
358 3110 389 3157 ut
413 3117 460 3156 me
483 3119 500 3158 a
524 3109 561 3169 te,
585 3117 651 3156 curn
674 3100 707 3157 iis
731 3100 822 3157 verbis
851 3101 1005 3177 scripseris

63 3197 262 3259 liberalissime
290 3209 376 3272 atque
408 3196 696 3255 honorificentissime
729 3206 879 3255 tractatum
911 3200 1006 3258 existi-

64 3309 153 3362 mem,
174 3290 262 3366 idque
284 3310 352 3349 cum
375 3300 478 3361 totum,
498 3307 618 3367 quoquo
642 3291 732 3348 modo
757 3307 788 3348 se
813 3309 858 3349 res
879 3292 1005 3365 haberet,

64 3389 115 3449 tibi
133 3387 264 3448 dandum
277 3397 417 3465 putarem,
430 3397 492 3446 tum
506 3388 545 3446 do
560 3387 646 3447 etiarn
660 3388 828 3447 humanitati
847 3399 875 3448 et
889 3402 1006 3452 naturae

525 3502 545 3554 Q
