2498 3840
150 201 210 262 242
428 198 466 246 ru.
493 197 610 247 rurrrr
631 197 821 247 arcanorum
979 183 1048 266 [rm
1062 197 1092 244 v.

147 363 242 413 vestro
270 371 348 414 anno
376 355 466 413 filium
494 374 579 415 suum
607 355 757 415 consulem
785 356 912 414 futurum
941 363 1025 430 putet
1053 352 1093 413 ob

148 471 271 528 eamque
292 472 411 512 causam
432 472 463 512 se
483 454 551 513 huic
572 455 674 514 latroni
695 455 838 514 deservire
862 471 932 529 prae
956 470 989 511 se
1013 451 1093 510 ierat.

150 567 176 622 3.
198 548 276 607 Nam
298 548 331 608 L.
350 548 437 608 Cotta
458 550 603 610 familiaris
624 570 706 610 meus
728 551 805 610 fatali
826 549 954 627 quadam
975 548 1093 623 desper-

148 647 254 716 atione,
282 658 313 706 ut
346 640 394 718 ait,
421 649 518 706 minus
550 649 580 706 in
615 660 746 708 senatum
780 649 875 720 venit;
911 647 946 706 L.
976 646 1094 717 Caesar,

149 746 276 819 optimus
300 755 329 804 et
354 745 526 805 fortissimus
551 747 628 818 civis,
648 747 812 805 valetudine
832 746 990 823 impeditur
997 765 1007 818 ;
1032 743 1094 802 Ser.

151 842 293 919 Sulpicius
314 853 342 901 et
367 863 482 902 summa
506 845 674 903 auctoritate
699 856 727 903 et
751 845 862 921 optime
882 844 1012 903 sentiens
1032 859 1094 899 non

149 941 239 998 adest.
282 941 423 1016 Reliquos
444 942 572 1016 exceptis
595 942 752 1017 designatis
773 944 893 1018 ignosce
906 940 979 998 mihi
993 941 1018 999 si
1031 958 1094 999 non

148 1056 271 1096 numero
286 1039 460 1097 consulares.
503 1039 605 1097 Habes
620 1052 752 1098 auctores
767 1041 880 1100 consilii
895 1039 1022 1116 publici:
1043 1038 1094 1116 qui

147 1153 286 1194 numerus
308 1139 394 1194 etiam
419 1137 505 1195 bonis
529 1139 616 1196 rebus
641 1139 763 1214 exiguus
787 1148 872 1209 esset,
893 1137 964 1214 quid
988 1155 1094 1197 censes

148 1234 287 1309 perditis?
308 1252 367 1309 qua
388 1253 418 1291 re
440 1253 507 1311 spes
528 1245 572 1295 est
593 1237 690 1294 omnis
710 1237 741 1293 in
761 1237 852 1307 vobis
867 1237 917 1313 qui
938 1235 963 1295 si
984 1235 1093 1295 idcirco

149 1331 265 1401 abestis,
279 1341 312 1389 ut
331 1331 391 1389 sitis
410 1332 439 1388 in
458 1342 529 1404 tuto,
544 1351 582 1391 ne
603 1334 633 1390 in
653 1334 735 1392 vobis
756 1333 895 1410 quidem:
917 1334 963 1392 sin
984 1328 1093 1410 aliquid

149 1429 269 1503 dignum
286 1439 380 1487 vestra
397 1429 489 1505 gloria
506 1431 649 1505 cogitatis,
663 1431 750 1488 velim
769 1432 853 1491 salvis
873 1431 977 1504 nobis;
998 1431 1045 1490 sin
1062 1429 1093 1488 id

147 1526 253 1596 minus,
268 1544 313 1584 res
333 1537 432 1584 tamen
445 1528 563 1603 publica
576 1547 628 1604 per
642 1547 694 1587 vos
708 1530 787 1587 brevi
800 1540 934 1605 tempore
947 1529 993 1588 ius
1006 1546 1092 1588 suum

148 1625 325 1700 reciperabit.
365 1624 432 1700 Ego
458 1626 514 1684 tuis
539 1645 635 1702 neque
660 1627 763 1686 desum
791 1645 888 1706 neque
912 1627 1022 1686 dcem:
1043 1627 1092 1703 qui

148 1722 206 1780 sive
230 1723 268 1780 ad
291 1741 340 1781 me
364 1723 488 1782 reserent
511 1725 568 1781 sive
593 1745 646 1782 non
673 1728 799 1798 referent,
820 1744 887 1784 mea
912 1725 965 1783 tibi
992 1735 1092 1784 tamen

147 1821 347 1879 benevolentia
367 1821 498 1897 fidesque
518 1824 717 1897 praestabitur.
759 1822 841 1882 Vale.

326 1973 392 2029 119.
433 1969 490 2028 AD
512 1969 763 2030 FAMILIARES
785 1971 852 2031 XII.
874 1991 921 2048 23.

239 2081 307 2145 Sca.
323 2082 431 2144 Rouuu
453 2103 545 2144 uuoro
566 2103 660 2144 unusu
678 2085 814 2146 Ocromu
834 2106 918 2148 auc.
935 2105 1004 2165 710.

437 2209 541 2251 emeno
562 2210 724 2252 coaurrrcm
744 2211 806 2251 sur..

192 2323 216 2364 1.
245 2304 358 2363 Ouuuu
389 2305 593 2364 condicionem
621 2305 734 2382 imperii
761 2306 802 2364 tui
830 2316 996 2384 statumque
1023 2330 1090 2387 pro·

148 2402 257 2460 vinciae
280 2402 351 2458 mihi
375 2401 581 2460 demonstravit
606 2401 764 2462 Tratorius.
806 2401 950 2464 Omuita
973 2408 1090 2468 intoler-

147 2501 234 2559 abilia
247 2500 320 2558 locis
334 2500 486 2558 omnibus!
523 2499 581 2557 Sed
596 2519 655 2576 quo
673 2513 721 2558 tua
738 2502 831 2559 maior
845 2502 970 2578 dignitas
983 2513 1029 2578 est,
1044 2525 1089 2580 eo,

148 2617 223 2677 quae
237 2598 287 2656 tibi
301 2597 475 2668 acciderunt,
490 2599 587 2656 minus
601 2599 736 2671 serenda3
759 2617 854 2676 neque
868 2600 955 2672 enirn,
969 2619 1046 2678 quae
1058 2615 1090 2664 tu

146 2704 264 2774 propter
280 2695 511 2770 magnitudinem
529 2706 559 2753 et
577 2696 666 2753 animi
684 2703 711 2753 et
726 2696 836 2771 ingenii
854 2699 1004 2759 moderate
1023 2701 1089 2774 sera,

146 2814 181 2855 ea
195 2812 256 2853 non
270 2792 436 2850 ulciscenda
451 2803 526 2861 sunt,
542 2794 628 2850 etiam
644 2795 668 2851 si
685 2811 746 2851 non
766 2803 832 2851 sunt
853 2793 989 2856 dolenda.
1031 2798 1090 2859 Sed

147 2893 221 2952 haec
248 2891 399 2968 posterius.
451 2909 476 2948 2.
506 2889 614 2947 Rerum
643 2892 816 2949 urbanarum
845 2903 910 2950 acta
936 2895 989 2952 tibi
1016 2897 1090 2955 mitti

147 2998 227 3048 certo
252 2990 333 3061 scio;
359 2987 439 3064 quod
460 2989 491 3046 ni
513 2988 551 3046 ita
571 3000 713 3064 putarem,
734 2990 797 3065 ipse
821 2992 1039 3066 perscriberem,
1060 2996 1091 3053 in

147 3087 305 3163 primisque
324 3084 456 3144 Caesaris
477 3084 630 3144 Octaviani
652 3097 790 3144 conatum
800 3106 808 3159 ;
832 3087 943 3165 dequo
962 3091 1090 3151 multitu·

149 3185 209 3243 dini
229 3185 329 3242 fictum
350 3184 387 3241 ab
408 3184 539 3241 Antonio
561 3184 671 3241 crimen
692 3184 811 3254 videtur,
833 3195 865 3242 ut
885 3187 915 3243 in
936 3191 1090 3262 pecuniam

148 3281 340 3341 adulescentis
366 3281 504 3356 impetum
527 3280 649 3350 faceret3
674 3282 832 3357 prudentes
853 3292 951 3341 autem
972 3295 1002 3344 et
1022 3287 1091 3345 boni

148 3380 200 3439 viri
214 3389 243 3438 et
256 3380 377 3438 credunt
391 3378 497 3437 iactum
512 3388 540 3436 et
559 3380 692 3455 probant.
734 3377 814 3451 Quid
828 3382 961 3457 quaeris?
982 3402 1091 3461 magna
