2498 3840
151 191 214 261 180
430 202 469 254 u.
494 201 614 253 aaran
634 201 824 253 orcaaours
971 191 1044 275 [aas
1057 205 1097 253 rv.

147 356 310 432 cogitatum
335 362 389 413 est.
432 355 501 427 Qua
524 371 555 413 re
579 352 732 413 voluntatis
757 372 805 413 me
829 371 913 413 meae
938 373 1100 432 numquam

151 454 324 531 paenitebit3
355 454 466 511 consilli
488 453 623 529 paenitet
667 451 705 511 In
727 453 840 529 oppido
864 452 962 529 aliquo
984 454 1102 513 mallem

151 552 304 621 resedisse,
330 550 428 626 quoad
452 541 627 609 arcesserer:
657 551 753 608 minus
777 550 920 610 sermonis
946 552 1102 622 subissem,

153 651 251 708 minus
272 649 453 724 accepissem
474 648 602 720 doloris;
624 647 720 724 ipsum
741 647 799 707 hoc
819 667 868 707 me
888 667 952 708 non
972 660 1102 727 angeret.

153 746 298 805 Brundisii
312 747 404 805 iacere
421 746 452 804 in
471 764 576 805 omnes
590 755 686 822 partes
706 755 751 805 est
769 746 935 806 molestum.
977 747 1102 825 Propius

151 843 300 913 accedere,
312 852 343 901 ut
358 843 472 914 suades,
484 861 543 918 quo
559 842 649 901 modo
665 843 728 900 sine
745 843 903 915 lictoribus,
916 862 993 921 quos
1008 863 1104 923 popu-

153 941 198 998 lus
213 940 300 1012 dedit,
311 940 454 1017 possum?
477 941 527 1016 qui
541 939 611 998 mihi
627 939 765 998 incolumi
780 940 870 998 adimi
884 959 946 999 non
960 953 1104 1018 possunt;

154 1056 230 1112 quos
249 1055 306 1112 ego
326 1055 405 1096 nunc
421 1037 566 1112 paulisper
587 1055 655 1096 eum
672 1037 782 1096 bacillis
802 1038 833 1096 in
851 1039 968 1098 turbam
989 1040 1105 1100 conieci

155 1135 193 1193 ad
217 1135 360 1211 oppidum
385 1134 536 1204 accedens
562 1153 600 1193 ne
624 1135 689 1211 quis
713 1134 838 1210 impetus
865 1137 991 1195 militum
1015 1136 1105 1197 fieret.

155 1231 313 1307 †Recipio
329 1241 460 1307 tempore
479 1249 528 1289 me
548 1231 646 1290 domo.
690 1252 717 1307 3.
739 1232 785 1291 Te
805 1251 883 1292 nunc
903 1235 941 1292 ad
960 1236 1106 1311 oppidum

157 1339 186 1388 et
200 1329 338 1407 quoniam
353 1328 397 1386 his
411 1328 538 1404 placeret
553 1330 643 1388 modo
659 1332 778 1407 propius
792 1332 940 1402 accedere,
950 1341 983 1390 ut
996 1331 1053 1390 hac
1068 1331 1106 1391 de

156 1447 188 1485 re
211 1427 443 1484 considerarent:
476 1425 564 1485 credo
589 1427 650 1486 fore
675 1438 816 1487 auctores.
860 1429 908 1487 Sic
929 1430 1010 1488 enim
1032 1430 1107 1488 reci·

156 1526 250 1601 piunt,
271 1523 390 1582 Caesari
409 1540 471 1580 non
490 1523 581 1582 modo
601 1525 638 1582 de
657 1525 864 1596 conservanda,
883 1527 936 1585 sed
956 1529 1045 1585 etiam
1067 1529 1106 1586 de

157 1621 292 1698 augenda
312 1639 379 1678 mea
400 1620 538 1695 dignitate
560 1639 645 1680 curae
667 1622 739 1693 fore,
760 1641 867 1699 meque
891 1623 1051 1694 hortantur,
1073 1637 1106 1686 ut

157 1739 267 1796 magno
288 1721 387 1778 animo
409 1719 473 1789 sim,
494 1729 526 1778 ut
546 1721 647 1780 omnia
666 1740 782 1780 summa
803 1740 935 1798 sperem:
957 1741 994 1782 ea
1014 1742 1105 1801 spon·

82 1881 86 1891 ,
160 1820 237 1890 dent,
257 1818 439 1888 confirmant,
454 1834 529 1893 quae
551 1818 669 1894 quidem
689 1819 760 1877 mihi
781 1820 976 1896 exploratiora
996 1832 1106 1894 essent,

160 1917 185 1976 si
208 1915 422 1974 remansissem.
466 1914 524 1974 Sed
547 1917 653 1992 ingero·
673 1919 832 1993 praeterita.
874 1917 959 1990 Vide,
981 1937 1106 1996 quaeso,

160 2015 246 2090 igitur
264 2031 307 2084 ea,
323 2031 398 2089 quae
417 2022 535 2084 restant,
550 2024 579 2073 et
599 2015 717 2090 explora
736 2034 804 2073 cum
818 2016 888 2088 istis,
903 2029 932 2075 et
949 2018 973 2076 si
987 2021 1107 2094 putabis

160 2128 234 2186 opus
254 2128 319 2168 esse
338 2123 367 2168 et
388 2109 411 2168 si
424 2110 485 2168 istis
502 2111 636 2187 placebit,
650 2130 710 2188 quo
729 2113 823 2188 magis
842 2113 952 2172 lactum
971 2124 1108 2176 nostrum

160 2206 269 2268 Caesar
290 2209 394 2284 probet
415 2208 498 2284 quasi
520 2209 557 2267 de
580 2226 700 2267 suorum
721 2212 864 2270 sententia
884 2212 1002 2285 factum,
1023 2214 1109 2274 adhi-

159 2307 282 2364 beantur
306 2304 482 2376 Trebonius,
508 2304 611 2377 Pansa,
640 2307 664 2365 si
692 2307 741 2384 qui
769 2309 825 2380 alii,
854 2309 1040 2386 scribantque
1068 2311 1109 2371 ad

160 2401 317 2462 Caesarem
332 2420 388 2472 me,
404 2402 542 2479 quicquid
557 2403 683 2476 fecerim,
699 2405 736 2463 de
751 2423 803 2463 sua
817 2388 959 2467 sententia
971 2408 1087 2469 fecisse.

203 2518 229 2572 4.
252 2499 364 2558 Tulliae
389 2518 472 2559 meae
497 2503 619 2560 morbus
643 2512 673 2560 et
696 2502 875 2562 imbecillitas
900 2507 1033 2581 corporis
1058 2527 1109 2567 me

162 2597 317 2667 exanimat,
338 2615 427 2673 quam
449 2598 500 2656 tibi
521 2599 657 2674 intellego
679 2618 804 2676 magnae
823 2619 909 2660 curae
928 2620 1003 2675 esse,
1025 2608 1110 2680 quod

162 2707 206 2757 est
220 2695 292 2754 mihi
306 2696 510 2771 gratissimum.
553 2711 580 2770 5.
601 2697 648 2756 De
662 2697 794 2774 Pompeii
809 2700 887 2758 exitu
901 2700 972 2758 mihi
986 2703 1110 2765 dubium

162 2811 323 2870 numquam
347 2793 419 2866 fuit;
450 2804 530 2853 tanta
551 2796 630 2853 enim
654 2795 815 2871 desperatio
836 2815 934 2856 rerum
957 2800 1021 2860 eius
1043 2820 1110 2862 om·

163 2893 244 2950 nium
269 2910 371 2968 regum
395 2901 424 2950 et
448 2892 624 2968 populorum
647 2894 761 2951 animos
785 2906 952 2972 occuparat,
973 2908 1014 2969 ut,
1035 2918 1111 2977 quo-

164 3008 290 3067 cumque
315 2990 447 3061 venisset,
471 2989 528 3050 hoc
552 2999 684 3065 putarem
705 2988 841 3053 futurum.
892 2993 963 3052 Nou
986 3013 1113 3072 possum

166 3089 227 3146 eius
242 3106 341 3147 casum
355 3106 416 3146 non
432 3087 549 3159 dolere;
571 3087 722 3146 hominem
736 3089 814 3147 enim
833 3090 977 3167 integrum
998 3103 1027 3152 et
1045 3113 1113 3156 cas-

166 3196 228 3245 tum
256 3196 285 3245 et
312 3204 430 3262 gravem
458 3186 592 3262 cognovi.
634 3185 662 3245 ⁶.
686 3185 733 3244 De
761 3185 875 3247 Fannio
902 3191 1037 3250 consoler
1062 3197 1113 3257 tel

168 3284 332 3360 perniciosa
344 3284 516 3360 loquebatur
530 3284 567 3343 de
584 3283 736 3342 mansione
751 3293 816 3357 tua3
839 3284 872 3345 L.
887 3304 955 3345 vero
969 3287 1113 3353 Lentulus

170 3380 321 3440 Hortensii
336 3381 456 3441 domum
471 3381 524 3442 sibi
539 3391 567 3444 et
581 3380 713 3444 Caesaris
726 3381 826 3444 hortos
840 3394 870 3444 et
883 3384 969 3446 Baias
985 3386 1114 3467 despon-
