2392 3848
121 155 183 240 184
396 168 435 221 rr.
457 171 578 219 aaran
598 168 789 220 orornome
938 150 1001 243 [rm
1008 168 1043 219 n.

161 342 186 398 3.
210 321 330 394 Quare,
345 320 369 380 si
383 321 448 397 quis
462 338 636 397 congressus
650 319 734 379 suerit
751 317 823 378 mihi
843 336 912 377 cum
926 317 1045 387 Caesare,

119 422 173 478 etsi
193 438 253 478 non
275 419 383 487 dubito,
400 420 470 496 quin
490 419 515 477 is
535 417 608 476 lenis
628 413 665 475 in'
679 417 760 476 illum
780 416 894 475 futurus
916 416 952 474 sit
971 415 1046 490 idque

118 519 176 575 iam
195 516 387 587 declaraverit,
403 534 459 592 ego
477 525 576 574 tamen
590 515 615 574 is
633 533 692 587 ero,
706 514 756 591 qui
770 532 886 591 semper
899 512 950 573 fut
991 512 1047 584 Sed

117 625 151 672 ut
169 614 263 685 vide0,
283 613 374 671 multo
394 614 488 690 magis
510 623 556 672 est
575 613 660 672 nobis
680 612 873 672 laborandum
894 611 933 670 de
954 610 1048 682 Africa,

116 730 205 789 quam
220 711 336 786 quidem
352 720 383 768 tu
397 711 496 770 scribis
511 710 675 769 confirmari
686 710 815 786 quotidie
829 710 926 786 magis
940 709 978 768 ad
991 727 1050 768 con·

116 809 238 867 dicionis
260 826 343 884 spem
365 826 453 884 quarn
474 809 616 866 victoriae.
661 807 753 878 Quod
772 807 886 865 utinam
906 807 948 865 ita
968 808 1051 866 essetl

117 908 169 965 sed
182 906 269 982 longe
284 907 363 964 aliter
377 924 441 964 esse
460 905 606 982 intellego,
621 915 707 982 teque
721 905 819 981 ipsum
837 904 878 963 ita
895 904 1052 963 existimare

116 1004 246 1075 arbitror,
267 1004 347 1061 aliter
368 1013 466 1061 autem
488 1003 622 1076 scribere,
642 1021 704 1062 non
728 1002 855 1074 fallendi,
878 1001 933 1060 sed
955 1001 1052 1060 confir·

116 1102 215 1160 mandi
229 1101 288 1160 mei
302 1119 398 1173 causa,
412 1101 582 1185 praesertim
602 1119 669 1159 cum
686 1101 858 1176 adiungatur
877 1099 916 1158 ad
930 1099 1054 1158 Africam

117 1199 204 1257 etiam
225 1198 377 1274 Hispania.
420 1217 446 1270 4.
469 1197 560 1270 Quod
580 1217 629 1256 me
650 1199 800 1270 admones,
822 1206 854 1255 ut
876 1198 1002 1256 scribam
1022 1197 1055 1256 ad

116 1296 277 1354 Antonium
297 1306 325 1354 et
343 1296 381 1353 ad
398 1305 518 1366 ceteros,
534 1296 558 1353 si
573 1296 643 1371 quid
657 1296 797 1354 videbitur
817 1295 869 1354 tibi
889 1313 967 1372 opus
988 1313 1055 1367 esse,

117 1395 203 1453 velim
218 1394 307 1453 facias
327 1395 365 1465 id,
380 1395 460 1470 quod
479 1412 566 1471 saepe
580 1395 687 1468 fecisti3
712 1395 782 1452 nihil
802 1394 880 1452 enim
899 1393 972 1452 mihi
984 1395 1056 1453 venit

117 1495 147 1551 in
161 1503 298 1563 mentem,
322 1492 404 1567 quod
427 1492 612 1551 scribendum
636 1502 744 1570 putem.
787 1489 878 1563 Quod
902 1509 951 1550 me
979 1491 1056 1549 audis

119 1590 288 1649 erectiorem
305 1607 370 1647 esse
389 1588 497 1659 animo,
512 1588 581 1664 quid
595 1599 687 1664 putas,
703 1606 771 1646 cum
784 1589 883 1646 videas
902 1590 1057 1647 accessisse

118 1689 156 1749 ad
184 1688 345 1765 superiores
372 1688 566 1763 aegritudines
593 1688 756 1764 praeclaras
783 1687 883 1764 generi
910 1689 1057 1748 actiones?

119 1785 168 1844 Tu
186 1797 283 1844 tamen
296 1786 382 1844 velim
402 1804 440 1843 ne
458 1786 637 1856 intermittas,
652 1787 733 1863 quod
749 1786 810 1844 eius
829 1785 924 1844 iacere
943 1787 1058 1862 poteris,

119 1886 242 1943 scribere
257 1884 295 1942 ad
309 1902 365 1954 me,
377 1883 464 1941 etiam
478 1883 501 1941 si
516 1902 585 1951 rem,
598 1884 635 1942 de
650 1902 708 1960 qua
722 1883 839 1954 scribas,
850 1901 913 1942 non
923 1882 1057 1956 habebis;

120 2003 234 2060 semper
248 1985 327 2042 enim
347 1983 479 2041 adfemnt
497 1983 603 2058 aliquid
622 1983 692 2040 mihi
706 1993 772 2042 tuae
792 1982 910 2041 litterae.
954 1981 1058 2044 Galeo

119 2082 164 2140 nis
185 2080 372 2140 hereditatem
394 2083 487 2155 crevi;
518 2092 590 2157 puto
614 2083 692 2141 enim
717 2083 875 2141 cretionem
900 2082 1059 2161 simplicem

120 2177 216 2248 fuisse,
245 2179 386 2254 quoniam
419 2179 457 2236 ad
487 2197 535 2237 me
567 2179 646 2237 nulla
676 2180 767 2238 missa
793 2189 846 2239 est.
898 2196 960 2238 vm.
976 2215 977 2218 =
993 2180 1059 2240 Idus

120 2273 248 2334 Martias.

299 2434 347 2492 83.
389 2433 447 2492 AD
468 2430 722 2492 FAMILIARES
743 2430 809 2490 XV.
834 2445 880 2506 15.

383 2546 449 2607 Scri.
465 2548 617 2606 Bnuunrsrr
638 2564 722 2606 nuc.
738 2558 806 2620 707.

403 2671 434 2713 rr.
450 2671 552 2714 cronno
566 2669 779 2713 successio.

164 2785 188 2828 r.
210 2765 281 2827 Ersr
294 2779 415 2845 uterque
429 2778 561 2828 nostmm
581 2786 634 2844 spe
652 2767 734 2842 pacis
752 2775 780 2825 et
799 2766 868 2825 odio
888 2767 978 2827 civilis
998 2787 1060 2828 san-

122 2863 216 2938 guinis
241 2864 343 2922 abesse
368 2881 385 2921 a
409 2863 476 2921 belli
499 2862 657 2937 pertinacia
677 2861 775 2931 voluit,
796 2870 902 2931 tamen,
924 2864 1061 2937 quoniam

122 2962 184 3018 eius
199 2960 310 3019 consilii
327 2960 462 3036 princeps
479 2977 537 3035 ego
555 2959 644 3017 fuisse
663 2959 772 3029 videor,
786 2958 851 3033 plus
871 2957 994 3020 fortasse
1014 2963 1062 3021 tibi

122 3067 269 3135 praestare
284 3059 347 3134 ipse
362 3057 455 3116 debeo
471 3074 558 3134 quam
573 3073 591 3113 a
604 3065 632 3114 te
647 3066 831 3131 exspectare:
854 3056 915 3127 etsi,
929 3068 962 3116 ut
977 3077 1061 3138 saepe

124 3156 203 3215 soleo
224 3174 340 3214 mecum
361 3155 514 3225 recordari,
530 3171 626 3212 sermo
647 3152 793 3212 familiaris
814 3173 897 3213 meus
918 3166 1017 3215 tecum
1036 3170 1063 3218 et

123 3255 192 3312 item
211 3271 326 3312 mecum
345 3263 412 3312 tuus
431 3253 550 3311 adduxit
568 3263 722 3328 utrumque
740 3263 870 3311 nostrum
889 3254 928 3312 ad
946 3254 977 3313 id
995 3275 1062 3315 con-

125 3350 228 3423 silium,
241 3360 273 3409 ut
291 3368 352 3409 uno
372 3350 484 3428 proelio
504 3360 680 3427 putaremus,
696 3351 721 3410 si
740 3369 802 3410 non
823 3360 915 3411 totam
936 3371 1062 3430 causam,
