2498 3840
124 200 164 269 16
376 218 415 267 Μ.
441 218 560 268 ruam
581 219 768 268 creandum
954 207 1023 290 [rats
1046 221 1066 272 r.

120 375 252 432 tribunus
273 372 310 450 pl.
326 373 420 446 ferret,
439 375 469 433 in
495 395 552 452 qua
574 376 645 434 nihil
666 376 744 435 aliud
766 394 785 434 a
805 375 949 434 consulari
974 394 1064 452 roga·

120 472 200 530 tione
221 471 371 530 differebat
388 472 444 530 nisi
468 473 596 531 iudicum
617 473 781 548 genus—in
803 491 839 531 eo
860 483 957 530 autem
980 484 1066 531 erant

120 571 268 642 omnia-,
290 572 484 647 pugnavitque
504 581 536 630 ut
556 572 595 631 ita
614 572 702 641 fieret,
722 571 802 646 quod
825 581 853 630 et
876 572 930 629 sibi
951 581 981 630 et
1002 571 1066 630 aliis

120 677 300 743 persuaserat
314 667 399 725 nullis
413 668 493 725 illum
512 669 654 726 iudicibus
673 669 801 744 effugere
818 687 915 744 posse,
930 669 1065 727 contraxi

120 765 183 822 vela
203 765 381 841 perspiciens
402 765 533 842 inopiam
554 765 690 836 iudicum,
709 784 803 842 neque
825 766 883 824 diri
904 766 1065 842 quicquam

120 879 174 938 pro
189 862 365 932 testimonio
380 862 436 920 nisi
450 862 530 938 quod
551 874 612 920 erat
628 864 667 921 ita
686 873 789 920 notum
810 873 896 938 atque
916 873 1064 934 testatum,

120 968 236 1017 utnon
259 977 379 1036 possem
403 961 566 1035 praeterire.
616 960 729 1035 Itaque,
755 961 779 1018 si
803 979 923 1019 causam
948 963 1065 1038 quaeris

121 1059 322 1129 absolutionis,
350 1067 382 1116 ut
409 1058 467 1114 iam
494 1061 558 1131 πρὸς
584 1061 615 1114 τὸ
641 1063 766 1132 πρότερον
789 1069 922 1130 revertar,
948 1070 1064 1134 egestas

121 1156 251 1214 iudicum
273 1155 325 1214 fuit
344 1164 373 1213 et
391 1155 540 1231 turpitudo
551 1173 559 1226 3
590 1155 620 1212 id
641 1165 738 1213 autem
757 1165 789 1214 ut
808 1155 960 1228 accideret,
980 1175 1064 1215 corn-

54 1253 91 1331 ζ’*
120 1254 243 1312 missum
265 1262 309 1311 est
334 1251 485 1310 Hortensii
509 1252 641 1323 consilio,
661 1253 719 1328 qui,
737 1252 808 1311 dum
829 1255 935 1312 veritus
958 1264 1002 1313 cst
1025 1273 1064 1312 ne

57 1334 64 1370 ¹⁴
121 1335 220 1409 Fufius
234 1369 260 1408 er
253 1350 352 1426 legi'
345 1359 386 1406 ιιι1
376 1350 541 1419 t,eroederet
557 1368 631 1427 quae
646 1369 682 1407 ex
702 1362 819 1409 senatus
840 1352 974 1411 consulto
990 1353 1064 1412 fere-

40 1508 44 1519 ,
121 1449 214 1519 batur,
228 1465 289 1505 non
302 1447 373 1505 vidit
386 1439 463 1517 illud,
478 1447 566 1504 satius
581 1465 646 1506 esse
660 1447 768 1527 illum
761 1467 790 1505 111
805 1448 926 1532 infamia
939 1450 1065 1527 relinqui

48 1530 59 1599 ἰ
121 1564 156 1604 ac
160 1540 308 1623 sordibus
274 1563 414 1621 uquam
422 1537 548 1602 infirr'no
567 1530 674 1602 iudicio
694 1546 855 1628 committi;
879 1543 940 1609 sed
959 1537 1065 1608 ductus

121 1625 190 1702 odio
218 1628 383 1718 properavit
409 1659 471 1699 rem
496 1641 669 1699 deducere
662 1661 692 1698 ιιι
720 1620 866 1714 iudicium,
890 1639 958 1702 cum
982 1645 1064 1704 illurn

121 1737 259 1819 plumbeo
287 1740 385 1816 ‘gladio
412 1740 572 1816 iugulatum
599 1741 632 1797 iri
660 1739 757 1822 tamen
777 1741 901 1806 ,diceret
931 1752 973 1817 ¹3.
1004 1743 1064 1803 Sed

120 1840 256 1898 iudicium
278 1839 302 1897 si
320 1839 434 1914 quaeris
456 1832 540 1913 quale
561 1836 653 1909 fuerit,
672 1838 829 1896 incredibili
848 1840 935 1912 exitu,
953 1841 1003 1913 sic,
1021 1843 1065 1900 uti

121 1956 200 2023 nunc
214 1956 250 1997 ex
265 1945 349 2020 event
349 1952 373 1993 u
338 1937 421 1993 tab
436 1934 523 2005 aliis,
521 1954 539 1992 a
553 1953 600 1992 me
616 1936 674 1993 iam
688 1955 724 1993 ex
735 1937 800 2012 ips'o
811 1937 893 2029 initio
908 1925 1065 1998 consilium

122 2034 273 2093 Hortensii
299 2016 548 2125 reprehendatur
590 2031 669 2113 Nam
703 2042 734 2090 ut
762 2031 879 2092 reiectio
915 2026 992 2094 facta
1021 2047 1066 2096 est

122 2133 296 2193 clamoribus
324 2131 468 2203 maximis,
493 2148 560 2189 cum
594 2140 746 2189 accusator
777 2105 927 2208 tamquam
958 2133 1064 2194 censor

121 2230 218 2288 bonus
245 2229 380 2287 homines
413 2245 619 2305 nequissumos
651 2228 788 2298 reliceret,
816 2245 883 2288 reus
914 2239 1064 2308 tamquam

122 2329 251 2393 clemens
274 2326 378 2386 lanista
349 2325 636 2402 tsrugalissumum
661 2343 807 2402 quemque
835 2319 1006 2398 secerneret,
1032 2340 1065 2388 ut

121 2427 247 2504 primum
266 2404 375 2484 iudices
393 2424 597 2494 consederunt,
615 2412 697 2481 val'de
719 2424 848 2482 diffidere
864 2419 936 2482 boni
957 2444 1066 2518 coepe·

120 2534 204 2596 runt;
219 2541 281 2582 non
296 2522 375 2580 enim
389 2539 530 2597 umquam
544 2521 654 2596 turpior
664 2521 694 2578 in
708 2520 778 2579 ludo
793 2520 894 2579 talario
906 2535 1074 2582 consessus

119 2622 189 2681 fuit:
219 2620 359 2678 maculosi
384 2629 541 2697 senatores,
561 2618 631 2676 nudi
656 2619 777 2694 equiteS,
797 2619 902 2677 tribuni
914 2629 986 2679 'non
1003 2628 1065 2681 tani

97 2714 207 2780 -ae'rati
229 2736 327 2794 quam,
352 2727 384 2776 ut
408 2716 597 2793 appellantur,
619 2716 720 2776 aerarii
727 2734 736 2787 ;
767 2699 968 2792 pauci'iamen
992 2719 1065 2778 boni

119 2818 240 2888 inerant,
268 2834 343 2893 quos
371 2815 526 2873 reiectione
555 2813 656 2889 fugare
683 2813 730 2872 ille
757 2832 819 2872 non
847 2823 989 2890 potuerat,
1015 2817 1065 2893 qui

120 2915 222 2973 maesti
250 2914 325 2972 inter
353 2913 398 2971 sui
426 2911 579 2971 dissimiles
608 2921 638 2969 et
664 2920 826 2970 maerentes
861 2909 1003 2972 sedebant
1037 2925 1066 2974 et

121 3013 296 3089 contagione
320 3010 505 3086 turpitudinis
529 3008 713 3067 vehementer
740 3010 992 3085 permovebantur.
1036 3031 1064 3085 4.

122 3109 189 3179 Hic,
204 3120 236 3168 ut
252 3126 386 3186 quaeque
402 3126 449 3165 res
470 3107 509 3165 ad
525 3108 683 3165 'consilium
702 3108 802 3183 primis
821 3109 1065 3185 postulationibus

122 3207 304 3278 referebatur,
339 3204 515 3264 incredibilis
550 3215 611 3263 erat
645 3206 789 3276 severitas,
817 3206 895 3264 nulla
929 3210 1065 3268 varietate

123 3305 346 3376 sententiarum
381 3303 451 3361 nihil
485 3303 657 3378 impetrabat
686 3321 775 3375 reus3
810 3302 879 3379 plus
904 3308 1065 3366 accusatori

124 3403 253 3476 dabatur,
264 3421 352 3480 quam
368 3402 547 3477 postulabam
568 3399 875 3480 triumphabat-quid
889 3402 1065 3463 quaeris?-
