2392 3848
67 204 261 290 aprunus]
298 217 411 269 rrrsr.
427 216 741 270 anarrrcmrrrr.
758 223 810 272 21.
949 224 1011 290 229

67 367 139 441 Quo
151 368 230 429 sacto
245 369 411 448 intellegere
426 371 515 431 debes
529 373 559 433 in
578 383 607 433 te
621 373 746 450 positam
766 390 829 432 esse
843 390 905 430 rem
919 371 1012 448 publi-

66 484 134 527 cam
147 467 257 545 tibique
271 486 332 527 non
347 468 438 528 modo
452 469 585 541 tuendos,
600 470 652 529 sed
673 472 759 529 etiam
779 469 927 529 ornandos
947 487 1011 527 esse

64 564 132 625 illos
144 566 229 637 viros,
245 567 383 643 aquibus
397 567 510 625 initium
524 568 661 627 libertatis
675 568 838 645 proiectum
857 577 909 626 est.
953 566 1011 625 Sed

63 661 112 723 his
133 663 170 722 de
190 665 276 723 rebus
298 682 398 723 coram
418 665 501 742 plura
519 665 700 742 propediem,
715 675 746 724 ut
768 683 869 740 spero:
892 675 923 723 tu
938 682 1011 741 quo-

63 760 148 819 niam
165 778 227 819 rem
244 761 389 838 publicam
410 779 523 837 nosque
544 779 706 833 conservas,
720 761 767 821 fac
781 771 812 820 ut
827 761 1011 838 diligentissi-

63 874 116 919 me
129 867 158 919 te
172 859 277 936 ipsum,
292 860 332 917 mi
346 858 506 932 Dolabella,
521 860 677 920 custodias.

262 1017 328 1074 112.
369 1014 426 1073 AD
447 1013 643 1074 ATTICUM
664 1014 746 1072 XIV.
771 1033 815 1073 21.

113 1124 181 1189 Sca,
202 1146 234 1189 m
253 1128 431 1188 Purromno
451 1148 479 1187 n.
493 1148 522 1188 n.
535 1147 563 1186 v.
584 1129 653 1188 Inus
674 1128 773 1188 Maras
793 1147 875 1189 nuc.
899 1142 967 1203 710.

420 1253 522 1295 cremo
543 1253 657 1294 arrrco.

113 1366 140 1408 1.
164 1347 235 1408 Cum
259 1351 347 1426 paulo
372 1359 440 1409 ante
466 1350 611 1408 dedissem
636 1349 673 1408 ad
697 1358 725 1408 te
750 1347 843 1408 Cassii
865 1349 1012 1409 tabellario

65 1444 185 1518 litteras,
199 1467 227 1506 v.
241 1446 312 1506 Idus
333 1449 410 1506 venit
431 1458 529 1505 noster
553 1447 725 1517 tabellarius,
746 1455 775 1505 et
797 1447 922 1524 quidem,
944 1465 1012 1523 por-

66 1543 142 1603 tenti
160 1544 261 1615 simile,
275 1545 337 1603 sine
353 1545 410 1603 tuis
428 1543 544 1616 litteris;
568 1545 620 1603 sed
640 1545 698 1602 cito
718 1546 829 1603 conieci
845 1544 968 1602 Lanuvii
985 1553 1013 1601 te

67 1640 168 1700 fuisse.
210 1640 286 1700 Eros
303 1652 400 1701 autem
414 1641 565 1714 festinavit,
580 1652 611 1701 ut
630 1642 668 1701 ad
687 1660 734 1700 me
752 1642 862 1700 litterae
876 1641 1013 1699 Dolabel-

67 1736 116 1797 lae
139 1738 340 1814 perterrentur,
362 1757 424 1798 non
447 1740 484 1797 de
507 1758 538 1798 re
566 1740 804 1798 mea-nondum
829 1740 907 1797 enim
932 1756 1013 1796 meas

68 1846 274 1913 acceperat—,
288 1837 341 1896 sed
354 1837 499 1912 rescripsit
518 1837 556 1895 ad
569 1855 627 1909 eas,
643 1856 765 1913 quarum
782 1838 948 1913 exemplum
962 1836 1014 1894 tibi

67 1934 216 2005 miseram,
236 1951 308 1992 sane
327 1933 480 1993 luculente.
526 1953 552 1992 a.
574 1934 622 1992 Ad
643 1944 817 2005 meantem,
838 1953 905 1993 cum
919 1933 1014 1993 Cassii

68 2032 250 2093 tabellarium
266 2033 446 2104 dimisissem,
462 2035 559 2092 statim
573 2033 689 2092 Balbus.
733 2032 761 2093 O
776 2034 822 2092 dei
835 2035 914 2104 boni,
926 2052 1015 2109 quam

68 2130 156 2191 facile
177 2131 356 2208 perspiceres
380 2131 481 2189 timere
505 2133 613 2190 otiuml
647 2141 676 2191 et
699 2133 776 2190 nosti
801 2132 901 2202 virum,
926 2151 1015 2208 quam

69 2238 165 2289 tectus
176 2248 184 2302 ;
207 2229 259 2288 sed
279 2239 377 2289 tamen
398 2229 519 2287 Antonii
540 2229 661 2288 consilia
681 2232 833 2288 narrabat:
859 2229 939 2287 illum
960 2230 1015 2288 cir·

69 2327 183 2389 cumire
203 2337 362 2397 veteranos,
388 2336 420 2385 ut
447 2336 512 2384 acta
536 2325 669 2385 Caesaris
697 2328 841 2385 sancirent
867 2327 955 2403 idque
983 2345 1015 2387 se

69 2426 199 2487 lecturos
227 2444 291 2485 esse
319 2425 451 2496 iurarent,
475 2435 507 2483 ut
534 2436 598 2485 rata
625 2444 729 2484 omnes
753 2426 894 2485 haberent
922 2445 1015 2504 eaque
1099 2505 1102 2512 Ι

68 2524 216 2583 duumviri
243 2525 379 2582 omnibus
406 2524 555 2582 mensibus
584 2524 768 2598 inspicerent.
810 2523 940 2596 Questus
971 2537 1016 2585 est

69 2623 160 2683 etiam
185 2621 223 2679 de
247 2639 299 2679 sua
322 2621 437 2690 invidia,
461 2639 553 2696 eaque
577 2622 673 2679 omnis
696 2623 759 2680 eius
783 2624 876 2681 oratio
900 2623 960 2694 luit,
984 2632 1015 2682 ut

69 2736 170 2781 amare
183 2718 326 2777 videretur
340 2719 511 2777 Antonium.
553 2717 634 2790 Quid
654 2721 787 2795 quaeris?
809 2721 879 2779 nihil
901 2721 1013 2780 sinceri.

70 2837 100 2893 3.
123 2814 198 2874 Mihi
211 2825 308 2874 autem
321 2834 383 2875 non
396 2826 440 2875 est
455 2817 574 2874 dubium
588 2818 658 2893 quin
671 2836 718 2876 res
733 2827 842 2893 spectet
855 2818 893 2875 ad
904 2826 997 2876 eastra
1005 2836 1014 2889 ς

68 2922 137 2975 acta
156 2913 235 2971 enim
255 2913 303 2971 illa
323 2931 369 2972 res
389 2923 434 2972 est
454 2914 552 2973 animo
570 2915 649 2985 virili,
664 2915 785 2973 consilio
806 2915 925 2991 puerili:
948 2915 1014 2990 quis

69 3013 151 3075 enim
164 3010 222 3070 hoc
241 3029 303 3070 non
317 3011 394 3082 vidit,
408 3013 492 3088 regni
505 3011 642 3071 heredem
657 3013 807 3071 relictum?
829 3010 900 3088 quid
916 3023 1013 3071 autem

67 3108 243 3171 absurdius?

250 3213 296 3263 hoc
313 3223 420 3272 metuere,
437 3215 534 3264 alterum
550 3216 574 3262 in
591 3224 653 3263 metu
670 3231 717 3263 non
734 3214 836 3276 ponere?

69 3303 156 3379 Quin
176 3304 264 3363 etiam
284 3305 341 3365 hoc
362 3307 427 3382 ipso
449 3315 581 3382 tempore
601 3308 691 3365 multa
712 3311 876 3366 ὑποσάλοικα.
919 3306 1015 3366 Pontii

69 3402 301 3482 Neapolitanum
323 3421 341 3464 a
360 3414 451 3465 matre
472 3407 677 3484 tyrannoctoni
691 3405 853 3484 possideri?
874 3406 1015 3483 legendus
