2392 3848
105 203 129 289 .]
206 213 320 267 aaran.
341 211 392 264 Ao
411 212 635 267 nanrtranns
654 214 693 267 rr.
719 205 766 268 16.
893 207 953 290 165

105 375 186 438 sunt;
209 367 239 426 in
260 367 304 426 his
325 367 396 424 mihi
415 369 535 426 necesse
555 369 600 426 'est
621 387 696 440 esse,
711 387 748 427 ne
770 365 871 428 amicis
890 387 953 428 mo·

128 465 192 522 sim.
234 463 324 536 Quod
357 475 454 522 autem
483 465 513 523 in
541 467 691 524 maritimis
719 467 852 525 facillime
881 485 953 538 sum,

105 579 117 620 a
138 579 200 619 non
220 562 306 620 nullis
327 563 519 638 suspitionem
541 563 612 621 velle
633 581 681 620 me
702 564 853 639 navigare3
875 563 955 638 quod

105 657 245 717 rfortasse
260 676 321 717 non
336 659 452 730 nollem,
469 660 493 718 si
512 678 631 736 possem
648 660 686 717 ad
705 661 813 719 otium:
835 679 904 718 nam
917 660 956 719 ad

105 773 119 812 n
133 756 251 830 quidem
265 757 315 832 qui
333 757 490 814 convenit?
511 757 681 833 praesertim
700 767 800 816 contra
817 775 893 829 eum,
909 757 961 817 eui¹

120 871 169 910 me
192 853 396 924 satisfecisse,
421 854 458 912 ab
481 872 527 924 eo,
550 855 598 912 cui
618 856 677 912 iarn
700 855 769 913 satis
792 856 853 913 lieri
876 855 956 914 nullo

126 961 230 1026 potest
274 971 301 1027 3.
323 950 438 1010 Deinde
459 952 633 1010 sententiam
652 970 750 1009 meam
770 961 801 1010 tu
821 952 961 1014 facillime·

105 1049 177 1106 icere
191 1050 309 1124 potuisti
324 1051 382 1108 iam
396 1050 433 1107 ab
447 1049 496 1107 illo
511 1060 652 1125 tempore,
664 1068 730 1108 eum
745 1051 775 1107 in
789 1049 960 1109 Cumanum¹

108 1147 223 1205 obviam
244 1147 362 1206 venisti:
385 1165 447 1204 non
471 1147 549 1205 enim
572 1156 600 1204 te
625 1146 714 1204 celavi
738 1165 904 1206 sermonem
918 1147 961 1208 T.·

104 1243 129 1316 i;
154 1244 255 1316 vidisti,
279 1262 368 1321 quam
393 1243 580 1302 abhorrerem
605 1245 642 1302 ab
663 1246 734 1303 urbe
758 1245 963 1322 relinquenda,

105 1341 252 1400 audissem.
295 1341 403 1400 Nonne
418 1341 471 1399 tibi
489 1342 638 1400 adfirmavi
659 1341 772 1417 quidvis
792 1360 839 1400 me
860 1344 961 1418 potius

105 1456 219 1497 ssurum
240 1457 328 1515 quam
348 1458 384 1496 ex
399 1439 482 1497 Italia
503 1439 542 1496 ad
562 1440 670 1497 bellurn
692 1440 773 1497 civile
792 1440 957 1515 exiturum?

111 1553 182 1612 ergo
196 1537 308 1607 accidit,
324 1555 374 1595 eur
389 1537 541 1594 consilium
559 1538 723 1594 mutarem?
744 1555 844 1594 nonne
858 1538 958 1594 omnia

105 1653 121 1702 ς,
142 1643 174 1692 ut
194 1635 225 1692 in
246 1636 388 1693 sententia
409 1636 633 1710 permanerem?
675 1634 784 1693 Credas
805 1635 862 1694 hoo
887 1635 964 1693 mihi·

105 1779 110 1805 ,
128 1734 210 1810 quod
231 1744 302 1809 puto
321 1744 350 1792 te
371 1734 543 1802 existimare,
558 1751 606 1790 me
628 1751 664 1790 ex
682 1733 726 1791 his
747 1734 867 1792 miseriis
888 1734 965 1793 nihil

111 1849 248 1908 quaerere
267 1831 322 1888 nisi
341 1841 374 1888 ut
392 1830 526 1887 homines
547 1830 703 1904 aliquando
723 1831 890 1906 intellegant
910 1850 959 1892 me

113 1928 249 1988 maluisse
271 1946 360 2004 quam
381 1945 493 2002 pacem,
514 1945 548 1984 ea
569 1926 721 2002 desperata
741 1925 811 1985 nihil
832 1939 892 1986 tam
913 1929 963 1987 lu·¹

109 2045 198 2104 quarn
212 2044 292 2084 arma
312 2024 420 2084 civilia:
445 2024 529 2082 huius
547 2043 595 2083 me
615 2026 793 2082 constantiae
811 2037 882 2101 puto
897 2028 965 2087 fore·

105 2141 232 2200 nmquam
252 2123 406 2198 paeniteat.
446 2122 563 2179 Etenim
584 2123 703 2180 memini
724 2124 754 2180 in
775 2123 832 2182 hoc
853 2142 965 2199 genere

105 2223 133 2282 ui
151 2221 265 2280 solitum
283 2238 348 2278 esse
366 2218 534 2277 familiarem
554 2229 686 2277 nostrum
706 2219 744 2291 Q.
760 2219 959 2293 Hortensium,

120 2336 280 2395 numquam
301 2317 378 2376 bello
400 2312 473 2375 civili
494 2317 683 2375 interfuisset:
706 2318 763 2376 hoc
783 2329 880 2377 nostra
897 2321 964 2378 laus:

105 2418 228 2487 lustrior,
244 2416 325 2492 quod
344 2415 382 2473 illi
404 2417 581 2473 tribuebatur
599 2415 731 2489 ignaviae
741 2435 749 2487 ;
773 2417 809 2475 de
826 2419 911 2476 nobis
930 2418 964 2475 id.

105 2516 174 2574 mari
194 2532 281 2592 posse
302 2532 363 2572 non
384 2513 511 2571 arbitror.
555 2530 582 2584 4.
604 2512 669 2570 Nec
690 2531 738 2570 me
762 2515 817 2572 ista
842 2524 958 2586 terrent,

113 2613 183 2672 mihi
202 2631 220 2671 a
241 2622 269 2670 te
290 2612 328 2669 ad
348 2612 482 2669 timorem
496 2610 635 2668 fidissime
656 2620 742 2687 atque
764 2613 960 2671 amantissime

105 2720 237 2782 >nuntur3
259 2709 337 2767 nulla
356 2718 398 2766 est
420 2709 498 2766 enim
517 2709 665 2777 acerbitas,
688 2726 762 2783 quae
784 2727 845 2766 non
866 2709 960 2768 omni·

105 2827 143 2870 ‚ac
158 2808 236 2867 orbis
256 2816 394 2865 terrarum
411 2806 626 2881 perturbatione
640 2805 810 2881 impendere
824 2807 960 2876 videatur,

105 2933 109 2965 r
122 2905 241 2983 quidem
255 2922 312 2979 ego
327 2922 344 2960 a
358 2922 387 2962 re
402 2902 517 2978 publica
531 2902 604 2959 meis
618 2903 735 2978 privatis
753 2913 781 2960 et
795 2902 960 2961 domesticis

105 3004 215 3062 nmodis
229 3001 416 3060 libentissime
431 3000 475 3058 vel
489 3001 552 3058 istis
566 3001 645 3074 ipsiS,
661 3018 735 3075 quae
750 3009 780 3057 tu
794 3018 842 3057 me
856 3018 960 3058 mones

105 3120 199 3171 ream,
214 3100 411 3158 redemissem.
455 3112 481 3171 5.
504 3098 577 3156 Filio
596 3115 672 3167 meo,
688 3115 774 3173 quem
796 3098 846 3154 tibi
862 3115 962 3155 carum

105 3198 229 3277 gaude0,
243 3197 267 3256 si
288 3197 340 3255 erit
358 3196 416 3254 ulla
435 3213 481 3252 res
500 3194 623 3270 publica,
639 3196 708 3252 satis
726 3193 855 3268 amplum
874 3194 961 3269 patri·

105 3315 154 3355 um
178 3296 339 3371 relinquam
364 3293 534 3351 memoriam
559 3292 685 3349 nominis
713 3291 786 3362 mei;
817 3291 841 3348 si
866 3300 962 3348 autem

126 3393 189 3466 erit,
213 3391 284 3452 nihil
308 3391 419 3452 accidet
442 3391 469 3449 ei
493 3390 646 3469 separatim
666 3407 685 3449 a
707 3388 823 3468 reliquis
845 3389 961 3450 civibus.
