2392 3848
248 226 289 281 rt.
307 228 425 278 rurrrr
438 229 626 279 crosnonrs
639 229 695 278 nr.
712 227 762 277 An
773 227 855 282 arr.
872 231 920 279 xz.
938 217 968 281 6.
1024 229 1085 300 179

138 392 254 443 tantum
280 382 423 458 rescripsi,
451 401 470 440 a
497 381 602 458 quibus
636 398 814 457 acceperam.
865 382 915 440 Tu
942 381 1028 440 velim
1056 391 1086 440 et

138 480 238 541 Basilo
259 489 289 539 et
309 481 413 556 quibus
434 490 583 555 praeterea
600 479 749 550 videbitur,
764 480 851 538 etiam
873 479 992 538 Servilio
1014 497 1086 538 con·

136 580 259 650 scribas,
268 587 302 636 ut
314 579 365 636 tibi
379 577 529 647 videbitur,
543 595 611 635 meo
625 578 753 635 nomine.
796 576 886 648 Quod
900 588 981 636 tanto
996 578 1084 636 inter·

136 679 213 737 vallo
237 676 308 735 nihil
334 677 456 746 omnino
481 675 520 734 ad
544 693 596 734 vos
620 675 730 751 scripsi,
755 675 800 733 his
825 676 924 733 litteris
948 676 1082 751 prolecto

135 772 290 848 intelleges
308 788 371 829 rem
390 768 461 826 mihi
475 769 587 839 deesse,
601 769 637 826 de
653 787 710 845 qua
729 770 863 840 scribam,
878 788 939 829 non
952 770 1083 828 volunta}

135 882 206 930 tem.
250 890 277 942 4.
303 868 394 940 Quod
418 867 455 926 de
478 867 595 925 Vatinio
620 869 744 943 quaeris,
769 885 864 944 neque
888 868 961 925 illius
986 886 1083 944 neque

135 970 312 1045 cuiusquam
338 965 410 1024 mihi
433 975 582 1041 praeterea
608 964 736 1022 officium
764 965 886 1036 deesset,
908 966 932 1023 si
958 966 1083 1041 reperire

134 1074 269 1143 possent,
284 1082 342 1142 qua
362 1065 393 1121 in
413 1082 444 1121 re
465 1081 513 1120 me
533 1063 669 1120 iuvarent.
713 1061 840 1133 Quintus
861 1064 1042 1121 aversissimo
1063 1081 1082 1122 a

133 1182 186 1223 me
205 1164 304 1222 animo
319 1163 412 1221 Patris
430 1160 499 1231 luit;
521 1161 627 1218 eodem
645 1159 774 1235 Corcyra
792 1161 866 1220 filius
879 1161 965 1219 venit.
1006 1160 1081 1220 Inde

132 1260 284 1339 proiectos
297 1278 350 1319 eos
362 1278 421 1319 una
435 1278 503 1318 cum
518 1260 619 1319 ceteris
634 1261 764 1319 arbitror.

367 1421 414 1476 so.
456 1416 515 1476 Ar>
536 1400 729 1475 Arrrcuu
750 1417 803 1476 xr.
826 1419 852 1476 a

132 1532 204 1595 Sere
218 1533 371 1594 Bnunnrsn
391 1554 419 1593 A.
433 1552 463 1592 n.
485 1552 523 1592 ιν.
538 1532 699 1591 &annuns
713 1533 889 1593 Dncsnnnss
909 1553 993 1595 nuc.
1011 1549 1025 1610 7
1051 1538 1079 1598 6.

399 1657 502 1699 crcnno
522 1656 628 1698 rrnco
648 1657 709 1698 san.
732 1657 819 1698 nrcrr.

179 1774 205 1814 r.
225 1754 406 1815 Socnlcrruu
419 1771 483 1813 esse
497 1763 525 1812 te
539 1772 607 1811 cum
621 1755 658 1812 de
673 1755 728 1811 tuis
743 1755 1005 1831 communibusque
1019 1756 1079 1814 lor-

131 1855 221 1923 tunis,
236 1862 298 1911 tum
311 1853 439 1910 maxime
457 1852 494 1910 de
513 1870 560 1908 me
579 1870 614 1909 ac
634 1852 669 1909 de
690 1852 789 1910 dolore
809 1870 876 1910 meo
891 1854 985 1911 sentio
995 1874 1003 1925 ;
1025 1857 1076 1930 qui

130 1952 254 2029 quidem
268 1969 350 2009 meus
365 1950 449 2009 dolor
464 1968 524 2007 non
538 1951 630 2008 modo
645 1968 706 2008 non
720 1951 866 2021 minuitur,
881 1969 949 2008 cum
964 1954 1076 2012 socium

130 2050 190 2109 sibi
202 2049 333 2124 adiungit
347 2048 480 2106 dolorem
493 2057 584 2118 tuum,
600 2048 652 2106 sed
670 2048 757 2105 etiam
772 2057 900 2122 augetur.
944 2048 1077 2109 Omnino

129 2164 188 2225 pro
201 2156 252 2205 tua
268 2146 420 2221 prudentia
439 2145 536 2216 sentiS,
551 2162 609 2220 qua
628 2145 828 2203 consolatione
842 2144 928 2203 levari
947 2148 1075 2207 maxime

129 2246 246 2325 possim
253 2262 261 2316 ;
292 2244 400 2321 probas
425 2243 503 2300 enim
527 2259 626 2300 meum
649 2243 803 2300 consilium
827 2261 976 2319 negasque
1004 2245 1075 2303 mihi

129 2339 289 2416 quicquam
307 2337 361 2417 tali¹
377 2345 509 2411 tempore
531 2336 627 2410 potius
651 2336 817 2393 faciendum
841 2336 937 2395 luisse.
980 2339 1074 2398 Addis

130 2435 342 2512 etiam-quod
362 2435 415 2494 etsi
436 2434 507 2493 mihi
527 2434 616 2492 levius
639 2445 682 2492 est
706 2453 795 2511 quam
819 2445 901 2493 tuum
925 2437 1073 2509 iudicium,

128 2548 231 2595 tamen
250 2551 312 2592 non
333 2543 376 2591 est
396 2533 601 2591 leve-ceteris
621 2550 747 2608 quoque,
771 2533 800 2590 id
823 2543 874 2604 est,
890 2536 939 2610 qui
956 2537 1073 2610 pondus

128 2633 267 2702 habeant,
292 2631 401 2689 factum
428 2640 560 2687 nostrum
588 2631 712 2705 probari.
753 2629 789 2688 ld
817 2632 840 2688 si
865 2631 904 2689 ita
929 2644 1069 2707 putarem,

127 2730 220 2791 levius
234 2729 370 2787 dolerem.
413 2727 541 2786 ‘Crede'
563 2727 658 2802 inquis
680 2727 784 2784 ‘mihi'
828 2748 854 2786 2.
877 2727 973 2788 Credo
989 2733 1069 2807 equi·

126 2828 207 2898 dem,
221 2826 274 2886 sed
293 2827 362 2898 scic,
377 2843 466 2901 quam
486 2825 585 2899 cupias
605 2824 696 2882 minui
716 2825 847 2883 dolorem
868 2844 975 2884 meum.
1019 2828 1070 2888 Me

125 2925 295 2985 discessisse
320 2925 357 2982 ab
379 2923 465 2982 armis
488 2940 647 2997 numquam
669 2924 826 2998 paenituit:
852 2933 931 2982 tanta
955 2926 1069 2983 eratin

124 3024 181 3083 illis
194 3021 355 3092 crudelitas,
368 3029 448 3078 tanta
467 3038 534 3079 cum
548 3020 677 3078 barbaris
693 3022 828 3095 gentibus
847 3022 1021 3095 coniunctio,
1036 3033 1068 3082 ut

124 3139 189 3182 non
201 3119 382 3190 nominatim,
394 3118 446 3178 sed
459 3118 618 3192 generatim
629 3119 802 3193 proscriptio
816 3128 892 3176 esset
903 3119 1065 3191 informata,

122 3232 156 3281 ut
176 3223 235 3280 iam
257 3221 388 3279 omnium
409 3217 514 3276 iudicio
539 3216 727 3274 constitutum
752 3225 828 3275 esset
848 3219 980 3276 omnium
1000 3238 1064 3279 ves-

121 3328 199 3379 trum
227 3319 306 3377 bona
333 3317 472 3394 praedam
504 3332 568 3373 esse
595 3313 670 3373 illius
697 3316 840 3374 victoriae.
892 3313 1066 3378 ‘Vestrum'

121 3418 208 3495 plane
228 3416 313 3489 dico;
333 3430 494 3492 numquam
513 3413 592 3471 enim
612 3412 649 3471 de
667 3413 773 3490 teipso
791 3414 845 3473 nisi
866 3415 1063 3480 crudelissime

550 3526 582 3572 n
604 3524 619 3569 λ
