2392 3848
201 226 265 294 230
483 222 522 275 M.
547 222 668 271 Toron
689 222 879 273 cromerus
953 279 956 283 ,
1030 208 1136 293 [nar.

199 377 269 435 mihi
284 377 399 454 saepIus
415 388 458 436 est
479 378 571 438 ‘Cato
589 378 699 438 maior’
721 379 759 438 ad
778 388 806 438 te
826 379 935 438 missus
942 398 952 452 ;
975 379 1138 439 amariorem
1182 340 1186 449 I

199 478 278 534 enirn
299 495 347 535 me
369 486 502 535 senectus
522 477 598 536 facit.
641 476 816 536 Stomachor
840 478 950 537 omnia.
993 476 1056 537 Sed
1079 476 1141 537 mihi
1184 468 1186 473 ¹

199 574 319 649 quidem
331 577 467 643 βεβίωται.
510 575 644 634 Viderint
658 577 786 634 iuvenes.
828 576 878 636 Tu
891 593 960 634 mea
979 577 1104 648 curabis,
1115 586 1142 634 ut

200 691 293 731 curas.
337 691 364 745 4.
397 673 481 732 Haec
510 674 613 750 scripsi
642 692 694 732 seu
722 674 826 732 dictavi
854 673 992 749 apposita
1021 674 1144 733 secunda

200 788 303 828 mensa
321 771 401 846 apud
414 770 592 830 Vestorium.
634 769 777 830 Postridie
798 772 877 848 apud
889 771 1023 831 Hirtium
1040 774 1144 848 cogita·

200 870 278 939 bam,
294 878 322 926 et
343 868 461 946 quidem
482 871 657 928 πεντελοιπον.
702 868 749 928 Sic
766 869 916 928 homiuem
936 870 1092 930 traducere
1111 869 1144 930 ad

200 951 355 1041 optimates
380 984 461 1043 paro.
502 972 584 1042 Λῆρος
611 967 701 1026 πολύς.
745 967 842 1027 Nemo
872 977 915 1027 est
943 969 1079 1041 Istorum
1100 966 1144 1046 qui

201 1065 293 1122 otium
321 1081 382 1122 non
411 1065 517 1123 timeat.
561 1064 629 1136 Qua
655 1084 686 1123 re
713 1065 813 1126 talaria
836 1065 1003 1139 videamus3
1037 1068 1145 1145 quidvis

201 1163 280 1220 enim
307 1163 405 1238 potius
433 1181 521 1238 quam
550 1173 651 1221 castra.
693 1163 806 1223 Atticae
838 1164 960 1223 salutem
992 1164 1145 1241 plurimam

200 1261 286 1318 velm
314 1260 402 1318 dicas.
444 1260 593 1337 Exspecto
622 1259 735 1320 Octavii
764 1262 933 1321 contionem
967 1272 997 1321 et
1026 1264 1054 1323 si
1081 1264 1147 1339 quid

199 1357 286 1429 aliud,
301 1359 428 1416 maxime
447 1369 554 1430 autem,
569 1359 674 1434 ecquid
689 1358 841 1418 Dolabella
854 1359 958 1418 tinniat
972 1378 1012 1419 an
1031 1361 1065 1419 in
1083 1377 1146 1420 meo

200 1455 319 1514 nomine
334 1455 446 1514 tabulas
461 1474 551 1514 novas
565 1455 673 1516 fecerit.

381 1617 448 1671 113.
490 1612 548 1670 AD
571 1612 824 1671 FAMILIARES
846 1613 899 1671 XI.
923 1626 970 1688 ²7·

300 1725 365 1785 Scn.
386 1744 417 1786 m
439 1726 617 1787 Tuscumno
637 1746 665 1786 v.
689 1727 766 1786 Klu.
788 1727 852 1786 Iun.
872 1745 957 1788 nuc.
980 1741 1053 1803 710.

487 1829 500 1915 [
525 1830 544 1914 .]
567 1853 669 1894 c1cnno
690 1853 783 1893 ulmo
803 1853 865 1895 ssu.

247 1967 271 2007 r.
293 1947 426 2009 Nonuun
446 1949 514 2007 satis
535 1948 671 2007 constitui
691 1948 879 2007 molestiaene
899 1949 966 2026 plus
986 1968 1026 2009 an
1048 1949 1144 2025 volup

201 2048 267 2106 tatis
293 2047 416 2105 attulerit
438 2046 509 2103 mihi
528 2046 684 2104 Trebatius
707 2056 814 2116 noster,
837 2046 1019 2105 homocum
1045 2048 1144 2125 plenus

202 2145 296 2215 officii,
317 2154 380 2202 turn
401 2144 548 2219 utriusque
569 2153 701 2201 nostrum
722 2144 952 2204 amantissimus:
982 2162 1055 2204 nam
1082 2163 1144 2205 cum

201 2243 232 2300 ln
253 2242 454 2300 Tusculanum
475 2241 587 2317 vesperi
609 2241 761 2313 venissem,
784 2242 923 2318 postridie
950 2241 998 2301 ille
1026 2239 1069 2301 ad'
1092 2260 1143 2308 me,

201 2340 334 2399 nondum
349 2341 417 2397 sads
428 2339 512 2397 firmo
527 2357 649 2414 corpore
664 2357 731 2397 curn
746 2349 830 2409 esset,
845 2357 932 2398 mane
942 2340 1022 2399 venit
1029 2358 1039 2412 ;
1061 2357 1144 2417 quem

201 2458 269 2497 cum
284 2439 477 2514 obiurgarem,
490 2437 569 2514 quod
584 2455 686 2512 parurn
697 2436 851 2495 valetudIni
865 2446 1005 2513 parceret,
1016 2447 1081 2497 tum
1092 2438 1143 2509 ille,

200 2537 271 2594 nihil
301 2537 354 2594 sibi
378 2536 494 2610 longius
523 2534 620 2604 fuisse,
642 2552 732 2610 quam
759 2543 791 2591 ut
818 2553 866 2592 me
888 2533 1006 2594 videret.
1050 2534 1144 2593 ‘Num

202 2630 358 2712 quidnam'
395 2633 514 2709 inquam
550 2630 673 2691 ‘novit'
714 2631 825 2690 Detulit
857 2632 895 2691 ad
922 2651 972 2691 me
999 2634 1143 2711 querelam

200 2746 290 2805 tuam,
312 2732 349 2790 de
370 2750 428 2808 qua
449 2731 528 2807 prius
553 2749 642 2806 quam
666 2730 832 2806 respondeo
857 2748 951 2805 pauca
972 2749 1141 2807 proponam.

203 2852 228 2890 2.
251 2831 400 2902 Quantum
421 2828 564 2885 memoria
584 2837 713 2904 repetere
732 2828 882 2902 praeterita
902 2844 1034 2903 possum,
1055 2842 1140 2887 nemo

201 2939 245 2987 est
264 2928 335 2984 mihi
354 2936 382 2984 te
404 2926 514 2983 amicus
535 2924 699 2999 antiquior3
722 2924 774 2981 sed
788 2933 914 2983 vetustas
930 2924 1021 2984 habet
1039 2923 1144 3002 aliquid

202 3044 360 3085 commune
375 3042 443 3082 cum
457 3022 562 3092 multiS,
574 3039 656 3078 amor
671 3039 732 3079 non
746 3020 853 3078 habet:
877 3020 967 3079 dilexi
979 3030 1017 3093 te,
1029 3040 1090 3100 quo
1102 3020 1145 3080 dle

203 3123 336 3198 cognovi,
352 3140 458 3197 meque
473 3139 490 3178 a
503 3129 532 3177 te
548 3119 626 3195 diligi
641 3119 773 3177 iudicavi.
816 3119 900 3177 Tuus
919 3119 1027 3179 deinde
1044 3121 1145 3180 disces-

204 3239 261 3290 sus,
278 3221 359 3295 isque
380 3220 537 3288 diutumus,
552 3217 671 3275 ambitio
690 3227 790 3274 nostra
809 3226 837 3275 et
851 3218 925 3275 vitae
944 3216 1145 3278 dissimilitudo

204 3337 265 3375 non
287 3327 330 3375 est
350 3335 437 3392 passa
456 3316 617 3375 voluntates
638 3324 752 3373 nostras
773 3314 984 3375 consuetudine
1005 3315 1145 3393 congluti-

204 3416 266 3475 nari
275 3434 283 3488 ;
305 3424 387 3474 tuum
404 3425 502 3472 tamen
520 3430 590 3488 erga
608 3431 656 3471 me
676 3412 806 3471 animum
825 3413 932 3490 agnovi
947 3412 1046 3473 multis
1063 3414 1146 3475 annis
