2498 3840
149 186 212 253 206
419 197 460 250 rr.
485 199 606 249 rursu
627 200 816 250 orcnnoms
969 184 1037 273 [rm
1050 200 1094 251 ru.

148 353 280 414 Caesaris
294 362 354 412 tam
370 372 469 412 severa
482 353 575 421 fuerit,
590 354 640 430 qui
654 363 716 412 tum
730 354 876 429 praetorio
894 354 963 414 loco
983 353 1095 428 dixerit,

148 451 341 510 consularium
363 458 444 525 putat
465 448 588 508 leniores
609 450 708 521 fuisse,
723 449 826 518 Catuli,
847 450 968 522 Servilii,
988 450 1093 510 Lucul-

148 550 250 620 lorum,
270 547 414 617 Curionis,
431 546 583 622 Torquati,
603 547 715 623 Lepidi,
732 548 826 619 Gellii,
842 548 977 620 Volcatii,
991 548 1094 625 Figuli,

149 646 262 716 Cottae,
277 645 311 703 L.
327 644 469 716 Caesaris,
489 645 523 704 C.
539 645 662 717 Pisonis,
682 646 769 704 etiam
791 646 843 705 Μ’.
858 646 1037 718 Glabrionis,
1052 646 1096 705 Si·

147 744 214 813 lani,
231 743 380 813 Murenae,
396 743 612 819 designatorum
632 744 792 802 consulum.
828 743 887 802 Cur
900 762 972 818 ergo
983 746 1015 803 in
1029 763 1097 804 sen-

148 843 268 900 tentiam
283 841 424 900 Catonis?
465 839 544 912 Quia
557 841 652 899 verbis
666 841 902 902 luculentioribus
916 852 945 903 et
964 844 1097 921 pluribus

148 960 209 1001 rem
224 941 348 998 eandem
363 939 631 1016 comprehenderat.
667 939 718 998 Me
730 952 826 999 autem
837 941 885 1000 hic
896 941 1003 1012 laudat,
1014 940 1098 1018 quod

147 1039 312 1109 rettulerim,
335 1056 396 1096 non
416 1037 497 1113 quod
518 1037 712 1114 patefecerim,
734 1039 903 1098 cohortatus
927 1040 992 1111 sim,
1014 1036 1098 1115 quod

149 1138 273 1213 denique
295 1147 370 1207 ante,
386 1154 474 1211 quam
496 1136 687 1208 consulerem,
709 1136 772 1213 ipse
792 1137 998 1196 indicaverim:
1020 1154 1098 1214 quae

148 1236 256 1305 omnia,
278 1234 346 1310 quia
367 1232 443 1292 Cato
464 1232 597 1292 laudibus
618 1236 758 1294 extulerat
779 1235 809 1293 in
834 1235 948 1294 caelum
972 1234 1097 1311 perscri-

148 1334 302 1408 bendaque
323 1342 482 1402 censuerat,
496 1332 603 1391 idcirco
625 1333 655 1389 in
676 1333 737 1392 eius
760 1334 932 1392 sententiam
953 1343 998 1392 est
1019 1332 1098 1393 facts

149 1430 295 1493 discessio.
340 1429 399 1488 Hic
427 1438 524 1487 autem
552 1448 584 1488 se
611 1431 699 1488 etiam
724 1431 848 1489 tribuere
872 1431 997 1490 multum
1023 1430 1098 1490 mihi

148 1538 237 1606 putat,
260 1527 340 1604 quod
366 1528 512 1603 scripserit
532 1528 692 1603 ‘optimum
713 1528 881 1588 consulem?
918 1528 993 1601 Quis
1014 1528 1097 1587 enim

149 1625 271 1684 ieiunius
293 1625 364 1682 dixit
388 1624 542 1683 inimicus?
583 1624 632 1682 Ad
656 1634 751 1683 cetera
775 1643 843 1684 vero
868 1626 920 1685 tibi
943 1642 1034 1703 quem
1057 1625 1097 1684 ad

147 1724 270 1781 modum
291 1722 450 1798 rescripsit!
472 1731 584 1780 tanturn
604 1731 696 1797 rogat,
711 1722 748 1780 de
769 1733 885 1783 senatus
907 1723 1044 1783 consulto
1063 1733 1097 1783 ut

149 1822 286 1898 corrigas.
328 1820 397 1879 Hoc
412 1819 530 1896 quidem
545 1819 667 1890 fecisset,
682 1821 769 1880 etiam
789 1821 812 1880 si
828 1824 849 1892 †
863 1823 939 1880 rario
957 1821 1096 1881 admoni-

148 1930 195 1978 tus
215 1929 299 1979 esset.
344 1937 369 1976 a.
393 1918 451 1976 Sed
472 1918 544 1977 haec
565 1919 667 1976 iterum
688 1919 751 1993 ipse
772 1919 881 1977 viderit.
925 1919 971 1979 De
991 1918 1095 1991 hortis,

148 2018 287 2094 quoniam
307 2018 423 2092 probas,
439 2015 520 2074 effice
539 2015 665 2092 aliquid:
686 2017 813 2075 rationes
831 2035 912 2076 meas
932 2016 1019 2076 nosti.
1063 2016 1096 2077 Si

148 2134 216 2174 vero
236 2115 321 2173 etiam
342 2132 360 2172 a
377 2113 501 2171 Faberio
517 2116 537 2184 †
552 2112 659 2189 aliquid
678 2113 794 2184 recedit,
809 2114 880 2172 nihil
900 2114 1012 2190 negotii
1032 2125 1078 2174 est
1084 2134 1095 2187 3

148 2213 200 2273 sed
225 2214 311 2271 etiarn
341 2212 402 2270 sine
431 2228 467 2269 eo
495 2227 584 2286 posse
611 2210 711 2268 videor
738 2212 921 2270 contendere.
964 2212 1097 2273 Venales

149 2321 225 2370 certe
241 2322 308 2368 sunt
322 2308 419 2380 Drusi,
435 2308 556 2367 fortasse
570 2308 656 2367 etiam
671 2307 805 2367 Lamiani
818 2317 848 2367 et
868 2308 1018 2368 Cassiani:
1041 2310 1097 2369 sed

148 2427 257 2468 coram.
301 2427 327 2482 3.
342 2406 388 2465 De
400 2405 537 2465 Terentia
550 2423 610 2464 non
624 2423 745 2482 possum
760 2407 944 2465 commodius
958 2407 1094 2479 seribere,

149 2525 237 2583 quam
252 2515 284 2563 tu
298 2505 416 2563 scribis:
431 2504 558 2562 officium
573 2503 609 2561 sit
622 2504 708 2562 nobis
722 2504 971 2580 antiquissimum
986 2504 1096 2583 siquid

148 2621 203 2663 nos
229 2602 366 2671 fefellerit,
388 2602 461 2660 illius
487 2601 565 2659 malo
589 2618 637 2658 me
665 2619 754 2676 quam
781 2602 839 2660 mei
866 2601 1021 2678 paenitere.
1064 2621 1094 2675 4.

149 2701 241 2762 Oviae
260 2699 294 2759 C.
305 2698 390 2758 Lollii
409 2699 537 2758 curanda
556 2707 624 2756 sunt
646 2697 708 2757 HS.
723 2717 748 2758 c.
789 2696 887 2773 Negat
907 2697 982 2757 Eros
1003 2717 1095 2775 posse

150 2802 211 2858 sine
230 2817 286 2869 me,
301 2798 397 2868 cred0,
413 2798 492 2874 quod
507 2795 676 2872 accipienda
690 2795 786 2871 aliqua
800 2795 835 2854 sit
848 2805 877 2854 et
891 2795 987 2854 danda
1006 2798 1095 2855 aesti-

149 2899 245 2955 matio.
286 2895 400 2954 Vellem
427 2895 479 2952 tibi
507 2894 644 2953 dixisset:
669 2893 692 2952 si
717 2893 795 2951 enim
820 2911 865 2952 res
891 2903 943 2963 est,
965 2901 997 2951 ut
1021 2893 1095 2953 mihi

150 2995 255 3066 scribit,
278 3003 377 3070 parata
401 3011 456 3050 nec
481 2992 511 3049 in
536 3009 572 3050 eo
595 2992 661 3068 ipso
685 2992 830 3063 mentitur,
850 3008 902 3067 per
929 3000 958 3050 te
986 2991 1097 3052 confici

149 3094 258 3170 potuit;
280 3093 310 3150 id
325 3108 489 3167 cognoscas
504 3099 532 3148 et
546 3089 683 3147 conficias
696 3088 790 3147 velim.
834 3102 860 3162 5.
884 3085 974 3159 Quod
992 3106 1044 3148 me
1063 3090 1095 3149 iu

149 3190 243 3249 forum
258 3207 354 3258 vocaS,
366 3206 403 3246 eo
414 3205 510 3257 vocas,
519 3187 598 3246 unde
611 3187 697 3244 etiam
712 3187 797 3244 bonis
811 3186 884 3244 meis
898 3186 986 3244 rebus
999 3184 1096 3264 fugie-

149 3289 217 3346 bam
227 3308 234 3359 ;
257 3287 326 3363 quid
340 3287 419 3344 enim
439 3286 508 3342 mihi
528 3303 596 3342 cum
614 3283 688 3354 foro,
704 3284 766 3342 sine
785 3283 904 3352 iudiciis,
920 3283 983 3340 sine
1004 3285 1095 3357 curia,

150 3386 181 3444 in
195 3385 296 3445 oculos
310 3383 519 3443 incurrentibus
535 3383 576 3454 iis,
593 3399 667 3462 quos
682 3399 777 3460 aequo
796 3380 895 3439 animo
914 3380 1012 3439 videre
1031 3398 1097 3440 non
