2392 3848
107 199 151 264 30
380 194 417 244 M.
444 194 563 240 runnu
584 193 772 241 nicanorus
822 207 825 210 -
951 175 1033 266 [Pars
1049 195 1068 244 ι.

108 351 247 408 scribere:
273 350 412 426 displiceo
435 350 506 408 mihi
527 369 582 409 nec
603 351 665 408 sine
687 367 801 408 summo
823 349 921 407 scribo
946 349 1066 408 dolore.

108 447 159 506 Me
181 459 272 518 tueor,
291 457 323 506 ut
343 449 490 524 oppressis
512 449 656 518 omnibus,
678 465 739 506 non
760 447 893 517 demisse,
916 458 950 504 ut
971 451 1067 506 tantis

107 546 193 604 rebus
212 546 308 621 gestis,
328 564 430 621 pamm
450 546 566 605 fortiter.
608 545 636 604 Α
655 544 781 604 Caesare
800 544 882 602 valde
900 544 1068 606 liberaliter

107 643 211 700 invitor
235 639 278 720 [in
298 643 471 717 legationem
493 638 593 720 illam]‚
615 642 668 700 sibi
689 653 721 701 ut
743 643 797 700 sim
822 641 946 716 legam,
970 652 1066 720 atque

11 735 41 798 *l
107 739 193 796 etiam
212 739 300 796 libera
318 739 424 813 legatio
439 739 496 796 voti
517 757 604 796 causa
624 739 713 797 datur.
757 737 816 796 Sed
834 737 906 795 haec
926 748 957 797 et
974 757 1066 814 prae-

53 846 60 854 *
107 836 171 893 sidii
189 835 266 910 apud
285 835 427 912 pudorem
441 835 578 893 Pulchelli
599 835 766 893 nonhabet
786 835 854 893 satis
873 844 902 893 et
922 854 942 894 a
961 834 1065 896 fratris

107 932 232 990 adventu
252 951 299 990 me
321 933 449 1007 ablegat;
473 932 519 990 illa
538 942 565 990 et
584 933 720 989 munitior
740 941 784 990 est
803 942 831 989 et
850 949 910 988 non
932 933 1065 1009 impedit

106 1048 165 1105 quo
193 1031 288 1087 minus
320 1029 421 1099 adsim,
450 1049 516 1087 curn
545 1031 647 1087 velim:
683 1029 759 1088 hanc
787 1048 843 1104 ego
870 1040 972 1102 teneo,
998 1035 1064 1109 'sed

106 1145 225 1185 usurum
239 1145 286 1185 me
301 1145 361 1184 non
375 1137 463 1203 put0;
484 1146 579 1202 neque
594 1138 691 1185 tamen
706 1129 759 1185 scit
772 1127 936 1203 quisquam.
984 1128 1063 1189 Non

106 1225 184 1282 lubet
217 1225 324 1299 fugere,
358 1243 430 1282 aveo
463 1243 601 1300 pugnare.
653 1224 764 1300 Magna
797 1233 864 1282 sunt
896 1225 1062 1286 hominum

107 1321 207 1379 studia.
251 1321 311 1380 Sed
331 1322 400 1379 nihil
422 1322 553 1393 adfirnm,
572 1333 604 1379 tu
623 1322 679 1380 hoc
699 1322 803 1380 silebis
847 1340 874 1392 4.
890 1320 938 1380 De
961 1323 1061 1384 Statio

106 1437 195 1476 manu
209 1420 299 1477 misso
319 1429 347 1478 et
366 1438 426 1477 non
441 1420 526 1477 nullis
545 1420 605 1478 aliis
619 1422 705 1478 rebus
725 1437 819 1494 angor
837 1420 988 1495 equidem,
1006 1425 1061 1482 sed

106 1518 164 1574 iarn
196 1533 313 1592 prorsus
347 1517 475 1575 occallui.
528 1517 578 1575 Tu
611 1518 713 1575 vellem
746 1535 803 1591 ego
835 1516 880 1572 vel
911 1534 1061 1593 cuperem

107 1614 240 1671 adesses:
260 1632 315 1672 nec
334 1614 404 1671 mihi
419 1614 571 1672 consilium
586 1634 639 1672 nec
654 1614 814 1672 consolatio
829 1613 953 1673 deesset
997 1616 1062 1677 Sed

108 1711 147 1771 ita
160 1719 188 1770 te
203 1730 280 1788 para,
295 1723 334 1784 ut,
350 1713 375 1771 si
388 1713 555 1783 inclamare,
571 1714 698 1771 advoles:

332 1885 376 1939 12.
417 1881 474 1939 au
495 1878 817 1955 ATTICUM11.19.
906 1862 966 1970 gil

244 1995 309 2056 Sca.
331 1997 440 2056 Rounn
461 2017 554 2056 nausa
578 1996 720 2067 Qururrnr
742 2013 823 2055 aucv
848 1996 916 2070 695.

424 2122 525 2163 cronno
547 2121 652 2162 nauco
673 2120 735 2161 sna.

149 2236 174 2278 r.
200 2217 314 2277 Mum
328 2237 375 2276 me
393 2218 547 2276 sollicitant
562 2226 590 2275 et
604 2235 640 2274 ex
654 2216 694 2274 rei
709 2216 840 2291 publicae
861 2226 946 2275 tanto
970 2233 1060 2282 motu

106 2327 134 2377 et
148 2335 184 2374 ex
199 2317 232 2374 iis
247 2317 388 2392 periculis,
402 2333 477 2391 quae
497 2314 565 2371 mihi
588 2314 643 2389 ipsi
664 2314 856 2383 intenduntur,
871 2324 901 2370 et
915 2333 1060 2379 sescenta

106 2424 189 2486 sunt;
211 2414 264 2473 sed
284 2413 354 2471 mihi
376 2413 445 2470 nihil
466 2423 509 2471 est
530 2412 680 2471 molestius
702 2430 790 2489 quam
812 2410 937 2470 Statium
962 2434 1061 2479 manu

105 2513 242 2571 missum:

136 2627 187 2674 Nec
203 2641 281 2673 meum
298 2625 432 2688 imperiosus
449 2642 476 2673 ac
493 2626 562 2672 mitto
579 2626 713 2685 imperium:
730 2641 777 2672 non
794 2608 937 2672 simultatem
957 2644 1042 2680 meam

137 2709 244 2756 Revereri
260 2709 355 2757 salteml

106 2807 170 2868 Nec
191 2808 260 2885 quid
281 2807 386 2866 faciam
408 2810 478 2879 sci0‚
498 2828 593 2884 neque
615 2818 727 2866 tantum
747 2817 791 2867 est
812 2809 843 2865 in
863 2827 903 2879 re,
920 2826 1059 2886 quantus

105 2917 149 2967 est
174 2924 278 2966 senno.
320 2905 386 2982 Ego
409 2918 506 2964 autern
536 2926 573 2965 ne
603 2908 686 2965 irasci
717 2924 835 2982 possum
864 2907 989 2980 quidem
1021 2915 1059 2974 iis

105 3023 180 3082 quos
211 3005 292 3064 valde
321 3022 407 3063 amo:
443 3015 555 3063 tantum
584 3005 678 3074 doleo,
708 3022 741 3062 ac
771 3003 888 3061 mirifice
919 3009 1059 3081 quidem.

105 3104 126 3172 †
141 3102 247 3162 Cetera
261 3103 291 3160 in
305 3103 419 3176 magnis
435 3104 539 3174 rebus;
555 3103 651 3159 minae
667 3101 760 3160 Clodii
776 3101 1059 3183 contentionesque,

104 3220 172 3276 quae
203 3201 274 3258 mihi
303 3211 514 3277 proponuntur,
543 3200 659 3257 modice
688 3218 734 3256 me
763 3208 901 3275 tangunt:
937 3209 1059 3269 etenim

106 3298 151 3355 vel
179 3298 275 3356 subire
303 3315 352 3356 eas
374 3297 474 3355 videor
501 3297 571 3354 mihi
599 3315 713 3354 summa
741 3315 808 3354 curn
836 3296 978 3371 dignitate
1010 3309 1060 3367 vel

104 3394 250 3460 declinare
278 3395 357 3457 nulla
382 3412 449 3454 cum
476 3395 608 3455 molestia
638 3412 733 3472 posse.
782 3394 871 3453 Dices
901 3394 1055 3464 fortasse:
