2498 3840
148 190 211 274 278
420 198 458 250 n.
484 200 605 251 rurrrr
625 201 813 250 oroanours
976 185 1045 272 [rm
1060 200 1091 249 v.

147 361 204 419 nisi
231 359 394 435 spoliatum,
419 359 567 430 inermem,
592 358 752 435 fugientem
780 356 909 437 Lepidus
936 357 1094 433 recepisset

147 459 308 515 Antonium
317 476 324 527 ;
347 457 443 532 itaque
457 474 618 532 numquam
633 466 714 514 tanto
733 455 803 514 odio
825 455 931 514 civitati
944 455 1093 515 Antonius

148 554 209 627 fuit,
223 564 333 631 quanto
353 563 397 612 est
411 553 555 630 Lepidus:
578 553 623 612 ille
640 553 719 612 enim
737 570 775 611 ex
793 552 957 611 turbulenta
974 571 1005 611 re
1019 554 1093 629 pub·

147 650 210 722 lica,
238 651 286 711 hic
314 669 350 709 ex
378 671 450 728 pace
480 661 509 711 et
536 651 655 710 victoria
686 649 795 708 bellum
828 650 969 710 excitavit
1013 649 1093 710 Huic

148 749 300 824 oppositos
328 749 463 808 consules
491 749 658 825 designatos
681 747 830 819 habemus,
856 748 887 804 in
914 748 1021 825 quibus
1050 756 1094 805 est

148 864 256 921 magna
269 846 316 903 illa
331 846 448 920 quidem
464 864 540 922 spes,
555 845 608 904 sed
622 863 731 921 anceps
751 863 820 903 cura
833 855 952 921 propter
965 845 1093 903 incertos

148 1039 238 1098 Bruto
263 1051 313 1099 tuo
339 1059 403 1099 esse
425 1040 533 1111 omnia,
556 1059 609 1100 vos
632 1042 802 1117 exspectari,
826 1040 949 1099 Brutum
974 1039 1093 1115 quidem

148 1137 351 1214 iamiamque.
395 1137 486 1210 Quod
505 1139 537 1210 si,
558 1147 591 1197 ut
611 1155 705 1214 spero,
726 1137 809 1196 victis
830 1139 963 1196 hostibus
987 1136 1092 1195 nostris

149 1235 290 1304 veneritis
305 1245 404 1294 tamen
421 1236 589 1295 auctoritate
603 1245 697 1293 vestra
715 1235 890 1312 respublica
908 1244 1047 1310 exsurget
1065 1244 1093 1292 et

149 1333 180 1388 in
201 1331 298 1408 aliquo
320 1342 395 1391 statu
415 1333 555 1391 tolerabili
576 1335 730 1406 consistet;
755 1342 823 1392 sunt
843 1333 921 1391 enim
941 1333 1092 1408 permulta,

149 1429 255 1507 quibus
280 1430 332 1487 erit
355 1431 542 1501 medendum,
565 1431 651 1489 etiam
675 1431 700 1490 si
724 1429 911 1506 respublica
935 1430 1005 1490 satis
1029 1448 1095 1491 esse

150 1528 291 1586 videbitur
304 1527 459 1587 sceleribus
474 1529 603 1586 hostium
617 1529 743 1588 liberata.
784 1527 867 1588 Vale.

342 1679 407 1735 1148.
450 1676 508 1734 AD
529 1676 781 1736 FAMILIARES
802 1676 840 1737 X.
857 1695 902 1750 24.

261 1789 326 1850 Ser.
340 1810 372 1851 nr
391 1810 505 1852 cassius
525 1810 553 1851 v.
568 1791 645 1852 Kar..
661 1792 803 1853 Suxrnns
817 1811 898 1854 nuc
916 1805 985 1867 711.

312 1914 439 1956 annuens
459 1915 518 1956 mr.
532 1914 591 1957 cos.
605 1915 696 1957 nusro.
710 1915 733 1957 S.
748 1917 777 1957 n.
791 1916 934 1958 cremona

196 2029 221 2068 1.
242 2008 360 2069 Ficana
378 2029 439 2069 non
457 2029 587 2086 possum,
601 2012 672 2087 quin
690 2012 721 2069 in
735 2013 862 2088 singulas
875 2031 921 2072 res
935 2014 1096 2091 meritaque

153 2116 202 2165 tua
215 2107 266 2165 tibi
280 2108 387 2183 gratias
402 2126 496 2182 agam,
512 2108 563 2167 sed
582 2110 762 2169 mehercules
780 2109 854 2170 facio
874 2129 943 2170 cum
961 2111 1075 2188 pudore
1084 2130 1095 2184 ;

151 2223 248 2280 neque
273 2206 350 2264 enim
370 2215 450 2264 tanta
470 2207 662 2277 necessitudo,
684 2216 823 2285 quantam
847 2219 879 2267 tu
902 2209 973 2267 mihi
997 2218 1095 2269 tecum

153 2320 217 2361 esse
232 2302 353 2372 voluisti,
366 2303 527 2362 desiderare
542 2303 653 2362 videtur
667 2305 822 2380 gratiarum
836 2307 990 2378 actionem,
999 2326 1096 2384 neque

152 2418 210 2476 ego
228 2399 349 2459 libenter
364 2419 418 2476 pro
437 2401 571 2460 maximis
590 2401 646 2461 tuis
665 2403 812 2462 beneficiis
831 2413 891 2463 tam
909 2403 956 2461 vili
974 2422 1096 2463 munere

153 2498 298 2573 defungor
318 2499 465 2570 orationis,
485 2508 514 2556 et
533 2499 612 2557 malo
632 2495 771 2576 praesens
791 2500 982 2572 observantia,
1001 2502 1095 2561 indul·

152 2596 259 2672 gentia,
279 2595 450 2653 adsiduitate
469 2614 631 2655 memorem
649 2616 697 2656 me
717 2599 767 2656 tibi
786 2598 917 2674 probare.
961 2598 1052 2671 Quod
1071 2603 1096 2661 si

153 2693 224 2752 mihi
240 2693 297 2750 vita
318 2693 479 2768 contigerit,
499 2710 603 2752 omnes
623 2705 720 2770 gratas
741 2696 879 2754 amicitias
899 2707 987 2773 atque
1008 2699 1095 2758 etiam

153 2792 217 2867 pias
238 2790 466 2867 propinquitates
480 2792 501 2862 †
515 2790 545 2848 in
566 2801 615 2850 tua
635 2793 825 2864 observantia,
840 2793 1028 2870 indulgentia,
1043 2799 1096 2856 ad-

154 2889 286 2949 siduitate
307 2888 437 2960 vincam3
466 2906 549 2946 amor
573 2890 651 2947 enirn
676 2901 741 2949 tuus
766 2908 800 2948 ac
823 2890 961 2950 iudicium
986 2892 1023 2951 de
1047 2913 1096 2955 me

154 2999 249 3049 utrum
274 2986 345 3043 mihi
368 2986 433 3061 plus
459 2986 604 3061 dignitatis
629 2988 659 3044 in
683 2997 855 3064 perpetuum
879 3006 917 3046 an
940 2989 1097 3067 voluptatis

154 3083 283 3164 quotidie
299 3083 334 3141 sit
348 3082 502 3154 adlaturus,
517 3102 579 3142 non
593 3083 675 3143 facile
691 3085 820 3144 dixerim.
864 3104 890 3144 a.
911 3085 957 3145 De
971 3089 1096 3151 militum

155 3180 318 3244 commodis
332 3179 383 3238 suit
402 3181 453 3239 tibi
472 3200 557 3240 curae
567 3200 575 3254 ;
597 3201 672 3259 quos
689 3202 746 3259 ego
765 3201 827 3241 non
846 3185 993 3259 potentiae
1012 3205 1097 3250 meae

155 3277 353 3340 causa-nihil
380 3278 458 3336 enim
486 3297 534 3336 me
561 3297 623 3336 non
651 3279 809 3338 salutariter
837 3281 964 3355 cogitare
994 3285 1097 3342 scio—

148 3377 252 3451 ¹ornari
265 3375 341 3437 volui
356 3387 497 3450 asenatu,
513 3377 566 3437 sed
579 3376 712 3453 primurn,
728 3377 808 3454 quod
827 3376 865 3436 ita
885 3380 1004 3440 meritos
1023 3382 1095 3441 iudi·
