2498 3840
150 179 212 244 228
418 190 456 242 Μ.
483 189 602 239 auran
624 192 812 242 arcanorum
979 176 1050 266 [nn
1063 194 1097 243 v.

150 367 239 419 meas,
255 348 280 408 si
293 347 384 407 modo
399 358 466 406 sunt
480 349 591 426 aliquae
610 366 702 420 meae,
717 348 818 408 laudes
837 347 875 408 ad
888 356 916 407 te
930 344 1097 408 transfude-

150 447 213 517 rim,
228 464 316 521 quam
333 445 458 520 aliquam
473 455 584 523 partem
601 446 782 506 exhauserim
797 464 834 506 ex
848 447 920 506 tuis:
942 465 1013 506 nam
1028 464 1099 506 cum

148 555 177 602 te
213 562 328 622 semper
361 553 473 603 tantum
509 547 667 617 dilexerim,
696 555 838 623 quantum
866 555 898 603 tu
926 546 1099 621 intellegere

148 643 275 718 potuisti,
289 652 350 700 turn
366 642 410 700 his
425 645 481 702 tuis
495 643 577 702 lactis
597 645 638 703 sic
652 646 788 703 incensus
808 662 882 714 sum,
897 652 929 701 ut
942 642 1015 701 nihil
1028 660 1098 701 um-

148 757 237 814 quam
260 741 290 797 in
318 758 418 798 amore
442 740 526 800 fuerit
550 741 714 813 ardentius;
746 741 818 799 nihil
842 750 885 799 est
908 741 996 811 enirn,
1022 740 1100 800 mihi

148 839 242 909 crede,
264 839 363 896 virtute
385 838 548 910 formosius,
570 839 641 897 nihil
661 840 815 916 pulchrius,
837 838 908 897 nihil
930 839 1098 897 amabilius,

150 949 176 1006 5.
199 935 319 1012 Semper
340 938 441 1007 amavi,
456 947 488 996 ut
509 939 573 1008 scis,
589 936 630 994 M.
647 937 769 995 Brutum
790 946 911 1013 propter
931 936 992 996 eius
1015 954 1101 996 sum·

148 1051 229 1090 mum
243 1034 401 1108 ingenium,
413 1034 598 1093 suavissimos
612 1052 717 1105 mores,
730 1034 906 1110 singularem
917 1035 1100 1110 probitatem

148 1141 235 1206 atque
249 1132 458 1190 constantiam:
479 1142 579 1190 tamen
593 1132 694 1191 Idibus
708 1132 822 1191 Martiis
836 1142 950 1192 tantum
968 1133 1100 1192 accessit

149 1230 187 1287 ad
201 1246 339 1301 amorem,
354 1239 386 1287 ut
404 1230 522 1288 mirarer
535 1230 631 1289 locum
647 1231 735 1289 fuisse
755 1231 880 1307 augendi
899 1232 930 1289 in
948 1248 996 1302 e0‚
1012 1230 1100 1308 quod

148 1327 219 1385 mihi
233 1329 290 1385 iam
304 1328 418 1403 pridem
438 1330 615 1387 cumulatum
634 1331 721 1388 etiam
735 1330 893 1389 videbatur.
936 1327 1013 1401 Quis
1033 1339 1100 1388 erat

149 1425 198 1500 qui
222 1435 334 1501 putaret
362 1427 400 1484 ad
425 1444 492 1484 eum
520 1444 660 1498 amorem,
681 1444 770 1503 quem
792 1446 861 1503 erga
883 1436 912 1485 te
936 1426 1099 1499 habebam,

149 1540 238 1598 posse
252 1523 360 1599 aliquid
376 1524 535 1582 accedere?
577 1524 707 1583 Tantum
727 1526 856 1596 accessit,
872 1535 903 1583 ut
922 1524 992 1582 mihi
1013 1542 1099 1584 nunc

149 1621 274 1696 denique
295 1639 393 1679 amare
414 1620 518 1691 videar,
541 1632 626 1680 antea
648 1622 789 1681 dilexisse.
832 1624 859 1681 6.
881 1620 950 1694 Qua
969 1640 1001 1680 re
1023 1621 1100 1698 quid

149 1729 194 1777 est
219 1720 299 1795 quod
323 1737 380 1795 ego
401 1728 430 1777 te
451 1719 556 1790 horter,
577 1730 609 1779 ut
630 1720 762 1795 dignitati
783 1729 812 1779 et
832 1720 942 1796 gloriae
964 1721 1100 1779 servias?

149 1817 316 1892 Proponam
337 1817 388 1874 tibi
409 1816 502 1875 claros
521 1818 606 1889 viros,
621 1817 702 1892 quod
722 1817 817 1877 iacere
839 1819 942 1891 solent,
956 1820 1008 1896 qui
1027 1818 1099 1877 hor-

149 1916 264 1974 tantur?
293 1914 440 1972 neminem
463 1914 558 1972 habeo
580 1915 729 1973 clariorem
754 1933 842 1991 quam
867 1926 896 1974 te
919 1917 1037 1992 ipsum;
1065 1927 1099 1976 te

150 2016 261 2072 imitere
281 2023 405 2089 oportet,
422 2025 519 2072 tecum
541 2016 604 2089 ipse
625 2024 736 2074 certes:
759 2033 795 2072 ne
816 2014 882 2073 licet
902 2016 1022 2091 quidem
1043 2015 1098 2074 tibi

150 2114 208 2171 iarn
225 2113 310 2170 tantis
330 2114 417 2170 rebus
437 2111 527 2187 gestis
549 2128 611 2169 non
630 2113 671 2169 tui
693 2112 815 2171 similem
837 2130 909 2171 esse.
953 2125 980 2186 7.
1003 2112 1099 2185 Quod

151 2228 218 2269 cum
233 2211 271 2267 ita
284 2211 328 2280 sit,
340 2210 464 2267 hortatio
478 2227 539 2267 non
554 2218 597 2267 est
611 2211 782 2281 necessaria,
794 2210 985 2286 gratulatione
999 2212 1099 2288 magis

150 2307 292 2366 utendum
318 2317 379 2366 est:
415 2308 537 2382 contigit
565 2307 643 2365 enim
670 2308 723 2365 tibi
750 2309 830 2384 quod
857 2309 936 2366 haud
964 2309 1028 2367 scio
1055 2328 1098 2368 an

150 2406 269 2475 nemini,
290 2415 321 2464 ut
345 2424 460 2464 summa
484 2406 618 2464 severitas
640 2407 899 2465 animadversionis
918 2424 981 2465 non
1002 2408 1099 2467 modo

151 2522 213 2562 non
237 2503 385 2573 invidiosa,
408 2504 460 2562 sed
486 2505 572 2563 etiam
596 2505 744 2580 popularis
767 2512 843 2563 esset
865 2514 894 2562 et
917 2522 984 2562 curn
1007 2505 1099 2565 bonis

152 2602 288 2660 omnibus
309 2610 371 2658 tum
384 2602 486 2660 infimo
507 2602 611 2678 cuique
628 2603 798 2677 gratissima.
841 2602 911 2661 Hoc
933 2603 958 2660 si
972 2603 1024 2661 tibi
1038 2603 1099 2663 for·

152 2713 223 2760 tuna
246 2698 373 2775 quadam
397 2701 574 2776 contigisset,
594 2699 751 2776 gratularer
775 2699 901 2758 felicitati
925 2708 1010 2773 tuae;
1044 2703 1100 2761 sed

122 2861 125 2868 ,
153 2797 274 2872 contigit
289 2798 490 2873 magnitudine
510 2816 577 2857 cum
597 2798 686 2855 animi
702 2805 763 2854 tum
783 2798 871 2855 etiam
885 2798 994 2873 ingenii
1008 2810 1100 2877 atque

154 2896 285 2968 consilii3
306 2896 363 2971 legi
378 2897 456 2954 enim
470 2896 638 2954 contionem
652 2905 748 2954 tuam:
770 2895 840 2952 nihil
854 2895 902 2954 illa
921 2896 1099 2972 sapientius3

154 2997 193 3052 ita
204 2995 410 3070 pedetemptim
424 3003 454 3052 et
467 2993 610 3070 gradatim
624 3004 686 3051 tum
702 3012 837 3052 accessus
851 3011 869 3051 a
882 3002 911 3052 te
925 2994 963 3051 ad
977 3012 1100 3055 causam

155 3091 230 3161 facti,
241 3100 302 3148 tum
317 3110 457 3164 recessus,
468 3103 499 3151 ut
512 3110 558 3150 res
569 3093 631 3167 ipsa
645 3092 837 3149 maturitatem
851 3092 902 3149 tibi
916 3092 1102 3153 animadver-

155 3188 234 3246 tendi
261 3191 392 3248 omnium
420 3208 563 3249 concessu
591 3191 680 3248 daret.
732 3191 759 3246 8.
785 3188 927 3247 Liberasti
955 3190 1043 3266 igitur
1070 3204 1103 3253 et

155 3288 257 3344 urbem
268 3288 396 3362 periculo
410 3297 439 3346 et
451 3288 593 3347 civitatem
608 3298 695 3358 metu,
708 3304 804 3363 neque
819 3286 914 3345 solum
929 3287 967 3344 ad
981 3298 1101 3366 tempus

155 3386 313 3445 maximam
341 3385 490 3446 utilitatem
519 3386 644 3458 attulisti,
670 3385 722 3445 sed
746 3385 832 3445 etiam
856 3383 894 3444 ad
922 3387 1100 3463 exemplum.
