2392 3848
63 186 181 271 nnat]
286 198 399 251 uersu.
421 198 471 248 an
492 198 658 249 Arrrcon
679 198 719 249 r:
734 202 782 251 21.
945 202 1007 269 103

63 348 240 409 nuntiantes,
280 344 373 407 Axius
395 358 494 407 noster
515 350 554 408 ait
575 360 689 408 nostras
710 348 886 409 auctoritatis
906 351 1007 427 plenas

62 446 162 517 fuisse,
183 445 238 505 illis
262 454 351 521 negat
374 446 523 505 creditum.
565 447 659 505 Bibuli
684 449 816 506 nondum
838 458 919 506 erant
941 449 1008 505 alla-

61 554 119 615 tae,
134 560 209 621 quas
225 552 304 602 certo
324 542 386 601 scio
405 543 505 618 plenas
525 546 636 604 timoris
651 545 720 604 fore.
764 564 791 620 3.
812 544 856 602 Ex
872 547 906 604 iis
924 548 1009 605 rebus

61 640 121 701 hoc
149 658 258 710 vereor,
280 658 325 710 ne,
349 658 416 698 cum
445 639 603 718 Pompeius
632 654 749 719 propter
776 655 886 701 metum
914 662 1010 701 rerum

62 756 208 799 novarum
235 755 378 814 nusquam
406 738 572 809 dimittatur,
601 739 719 799 Caesari
747 742 840 800 nullus
869 741 965 799 honos
992 756 1010 796 a

63 847 168 895 senatu
195 834 343 906 habeatur,
365 835 436 894 dum
457 834 503 894 hic
524 838 620 896 nodus
645 839 822 914 expediatur,
844 857 905 897 non
929 847 1011 914 putet

62 945 184 994 senatus
204 951 269 1004 nos,
286 942 443 1009 antequam
465 951 632 993 successum
654 936 697 1005 sit,
715 947 848 1012 oportere
870 936 1010 994 decedere

63 1050 120 1091 nec
145 1032 176 1091 in
200 1040 282 1090 tanto
306 1041 388 1090 motu
412 1050 508 1089 rerum
534 1033 618 1091 tantis
642 1034 796 1109 provinciis
821 1034 950 1108 singulos
972 1034 1011 1091 le-

63 1140 152 1205 gatos
178 1147 322 1205 praeesse.
373 1126 441 1200 Hic,
466 1148 504 1187 ne
531 1130 601 1204 quid
628 1130 698 1187 mihi
726 1141 905 1206 prorogetur,
931 1131 1011 1206 quod

64 1243 104 1287 ne
124 1228 298 1286 intercessor
316 1226 436 1301 quidem
455 1229 595 1285 sustinere
617 1228 719 1303 possit,
739 1228 852 1297 horreo,
870 1239 956 1305 atque
975 1247 1012 1287 eo

64 1324 171 1399 magis,
192 1323 273 1400 quod
293 1333 324 1380 tu
345 1322 424 1392 abes,
447 1324 497 1397 qui
519 1323 649 1394 consilio,
670 1324 770 1398 gratia,
796 1326 891 1383 studio
915 1325 1013 1384 multis

65 1422 156 1481 rebus
179 1438 355 1479 occurreres.
398 1415 484 1502 [Sed]
511 1421 590 1479 dices
614 1440 662 1479 me
691 1423 787 1497 ipsum
811 1423 881 1480 mihi
909 1424 1013 1481 sollici-

65 1519 201 1579 tudinem
228 1527 353 1576 struere:
383 1536 483 1594 cogor,
509 1529 538 1577 et
561 1518 646 1576 velim
670 1520 709 1577 ita
733 1520 777 1577 sit.
828 1519 887 1578 Sed
914 1522 1015 1579 omnia

65 1627 177 1677 metuo.
218 1614 282 1673 Etsi
303 1614 410 1674 bellum
433 1617 625 1689 ‹ixpmelainov
643 1617 730 1675 habet
749 1618 796 1675 illa
814 1626 863 1676 tua
884 1617 1012 1692 epistola,

66 1732 160 1793 quam
173 1712 276 1773 dedisti
296 1730 440 1771 nauseans
461 1713 620 1772 Buthroto:
642 1715 719 1785 ‘tibi,
734 1724 766 1772 ut
779 1715 863 1772 video
877 1724 906 1772 et
920 1732 1015 1790 spero,

67 1812 149 1873 nulla
169 1811 208 1871 ad
228 1810 429 1870 decedendum
449 1811 549 1869 mora?
592 1811 712 1870 Mallem
734 1817 781 1869 ‘ut
801 1812 915 1883 video;'
945 1812 1016 1870 nihil

67 1928 147 1987 opus
168 1907 221 1967 fuit
242 1913 290 1967 ‘ut
311 1908 414 1984 spero?
458 1926 484 1981 4.
507 1910 689 1984 Acceperam
710 1920 807 1967 autem
829 1910 897 1967 satis
918 1909 1015 1968 celeri-

67 2020 113 2069 ter
140 2006 235 2066 Iconii
261 2023 314 2082 per
341 2006 561 2082 publicanorum
590 2006 753 2066 tabellarios
782 2025 800 2065 a
826 2006 940 2065 Lentuli
968 2007 1016 2064 tri·

67 2103 183 2182 umpbo
201 2103 292 2162 datas.
333 2102 368 2161 In
384 2101 429 2161 his
445 2105 617 2177 γλυκύπικρον
633 2105 702 2161 illud
720 2105 885 2175 confirmas,
903 2122 1016 2161 moram

67 2202 142 2263 mihi
163 2200 271 2259 nullam
291 2199 361 2270 sore,
381 2200 486 2258 deinde
507 2201 598 2271 addis,
617 2201 641 2258 si
662 2202 731 2276 quid
753 2220 843 2271 secus,
861 2211 890 2259 te
911 2202 948 2259 ad
969 2218 1017 2258 mc

68 2320 136 2363 esse
157 2309 319 2357 venturum.
361 2296 482 2372 Angunt
499 2316 547 2355 me
566 2299 759 2356 dubitationes
778 2309 860 2368 tuae;
886 2297 970 2356 simul
990 2308 1018 2354 et

68 2398 162 2469 vides,
189 2413 263 2471 quas
289 2397 451 2469 acceperim
479 2395 594 2454 litteras.
647 2397 726 2453 Nam
757 2414 829 2471 quas
862 2396 1017 2464 Hermoni,

69 2493 250 2557 centurionis
278 2490 419 2562 Canuleii,
448 2494 510 2569 ipse
545 2495 645 2552 scribis
672 2502 700 2551 te
730 2494 851 2563 dedisse,
880 2512 941 2550 non
971 2511 1018 2551 ac-

70 2594 147 2672 cepi.
189 2590 289 2649 Laenii
308 2591 405 2665 pueris
425 2600 453 2648 te
474 2590 589 2649 dedisse
610 2610 697 2667 saepe
719 2590 756 2648 ad
776 2609 824 2648 me
847 2593 1018 2665 scripseras:

70 2712 124 2755 eas
148 2690 313 2749 Laodiceae
339 2688 473 2763 denique,
499 2706 566 2745 curn
594 2707 630 2746 eo
658 2690 810 2759 venissem,
836 2690 919 2747 tertio
949 2689 1020 2745 Idus

71 2790 211 2853 Februar.
245 2785 371 2843 Laenius
406 2785 476 2842 mihi
509 2786 640 2856 reddidit,
669 2786 751 2845 datas
785 2805 809 2845 a.
837 2787 864 2844 d.
892 2805 919 2842 x.
952 2783 1018 2841 Kal.

71 2888 228 2951 Octobres.
263 2882 374 2941 Laenio
403 2892 466 2940 tuas
492 2883 761 2942 commendationes
790 2892 818 2941 et
842 2884 938 2942 statim
959 2900 1020 2939 ver-

70 2985 119 3045 bis
139 2993 169 3043 et
189 2981 300 3056 reliquo
322 2990 452 3055 tempore
473 2999 503 3037 re
524 2982 665 3055 probabo.
709 2995 735 3054 5.
757 2980 818 3039 Eae
841 2982 948 3038 litterae
974 2997 1021 3037 ce-

70 3092 136 3143 tera
162 3089 260 3138 vetera
287 3077 442 3148 habebant,
469 3095 560 3134 unum
588 3076 645 3135 hoc
676 3097 793 3148 novum,
819 3077 855 3135 de
881 3076 1022 3152 Cibyratis

71 3176 233 3260 pantheris.
275 3173 401 3233 Multum
418 3184 446 3232 te
465 3192 540 3245 amo,
555 3175 635 3250 quod
653 3176 826 3251 respondisti
843 3173 885 3231 M.
901 3173 1023 3232 Octavio

71 3288 102 3337 te
116 3294 180 3335 non
199 3282 317 3352 putare;
340 3273 391 3331 sed
410 3273 531 3348 posthac
546 3275 652 3342 omnia,
668 3292 743 3347 quae
762 3282 840 3330 certa
856 3281 1023 3341 nonerunt,

71 3392 129 3455 pro
143 3382 225 3434 certo
240 3380 357 3447 negata.
400 3370 466 3428 Nos
483 3370 561 3428 enim
578 3379 607 3428 et
623 3381 723 3427 nostra
739 3380 844 3445 sponte
861 3370 935 3428 bene
950 3369 1025 3427 firmi
