2392 3848
121 160 182 243 156
391 176 428 230 m,
454 177 574 226 rotun
597 178 785 229 crornunrr
934 164 998 252 [rm
1011 179 1047 229 111.

311 399 357 453 64.
401 394 458 452 AD
478 395 673 454 ATTICUM
694 396 748 454 IX.
772 415 807 455 11
831 395 869 456 A.

120 507 182 568 Sca.
199 526 230 567 ut
242 508 398 568 Foummuo
409 529 468 568 au.
480 529 524 568 xv.
537 507 572 590 (l)
584 510 746 570 Kanum
757 509 888 571 Arruns
898 529 984 572 nnc.
995 525 1009 587 7
1029 526 1050 585 5.

354 633 456 675 crosno
476 635 534 674 rur.
548 634 570 674 s.
585 634 613 674 n.
628 634 749 676 causam
768 635 828 675 nu.

161 747 185 788 1.
201 727 248 787 Ur
263 729 320 804 legi
334 740 397 788 tuas
408 731 522 802 litteras,
532 749 634 807 quasa
647 731 757 790 Furnio
767 741 871 791 nostro
881 751 1053 809 acceperam,

117 828 221 902 quibus
242 845 358 885 mecum
379 828 496 903 agebas
516 839 549 886 ut
569 829 607 887 ad
627 830 730 887 urbem
750 847 856 901 essem,
878 839 908 888 te
929 831 1002 888 velle
1020 831 1055 888 uti

118 924 240 982 consilio
255 935 284 982 et
299 924 436 999 dignitate
450 944 524 995 mea,
535 927 631 984 minus
646 944 711 984 sum
726 926 905 985 admiratus:
920 927 959 986 de
974 929 1057 1002 gratia

117 1022 200 1080 etde
219 1039 276 1097 ope
296 1022 366 1098 quid
386 1023 572 1098 significares,
587 1042 704 1082 mecum
723 1024 787 1099 ipse
808 1026 997 1100 quaerebam,
1011 1043 1057 1100 spe

117 1130 215 1177 tamen
244 1119 407 1177 deducebar
432 1119 560 1178 adeam
584 1122 800 1195 cogitationem,
823 1133 856 1180 ut
880 1133 909 1181 te
935 1141 990 1198 pro
1015 1135 1058 1180 tua

118 1218 276 1275 admirabili
292 1235 326 1276 ac
340 1218 476 1293 singulari
491 1219 633 1294 sapientia
647 1220 685 1278 de
699 1220 766 1290 otio,
783 1219 819 1278 de
834 1237 918 1295 pace,
935 1220 974 1280 de
994 1239 1058 1279 con·

118 1315 217 1374 cordia
237 1317 342 1373 civium
366 1317 413 1391 agi
437 1316 508 1373 velle
533 1317 692 1382 arbitrarer,
712 1326 742 1374 ct
765 1316 803 1374 ad
827 1335 895 1374 eam
918 1319 1059 1376 rationem

118 1413 317 1470 existimabam
341 1415 409 1471 satis
435 1424 532 1489 aptam
557 1431 621 1472 esse
645 1424 674 1471 ct
697 1423 829 1473 naturam
850 1424 881 1473 et
905 1434 1059 1492 personam

117 1529 222 1568 meam.
267 1529 294 1568 a.
317 1510 408 1581 Quod
422 1512 445 1568 si
460 1512 500 1569 ita
513 1522 557 1569 est
575 1521 605 1568 et
624 1512 720 1586 siqua
740 1512 777 1570 de
796 1512 942 1588 Pompeio
963 1526 1060 1573 nostro

118 1610 227 1668 tuendo
258 1620 286 1667 et
316 1611 367 1667 tibi
398 1627 432 1666 ac
462 1610 504 1666 rei
531 1610 663 1685 publicae
690 1611 910 1670 reconciliando
937 1630 1010 1672 cura
1034 1622 1060 1671 te

118 1709 239 1783 attingit,
254 1709 347 1781 magis
362 1707 508 1776 idoneum,
524 1725 612 1782 quam
631 1725 688 1782 ego
709 1725 783 1777 sum,
797 1708 835 1766 ad
853 1727 922 1766 eam
943 1729 1060 1768 causam

118 1805 249 1882 prolecto
264 1806 389 1880 reperies
403 1806 559 1874 neminem,
573 1805 623 1879 qui
643 1816 672 1862 et
693 1804 733 1861 illi
753 1823 868 1882 semper
890 1817 920 1864 et
941 1810 1061 1878 senatui,

118 1922 185 1962 cum
206 1904 331 1979 primum
351 1902 440 1976 potui,
462 1903 542 1977 pacis
563 1912 664 1960 auctor
684 1902 733 1972 fui,
752 1921 807 1962 nec
828 1905 954 1980 sumptis
977 1908 1061 1964 armis

118 2001 185 2058 belli
201 2001 288 2057 ullam
307 2008 419 2074 partem
440 2000 528 2073 attigi,
544 1998 725 2075 iudicavique
746 2018 783 2058 eo
803 2000 882 2059 bello
903 2012 933 2060 te
953 2004 1061 2075 violari,

118 2109 220 2158 contra
233 2099 314 2155 cuius
325 2096 468 2155 honorem
481 2097 581 2173 populi
592 2097 720 2154 Romani
730 2099 873 2156 beneficio
885 2117 1062 2159 concessum

118 2197 225 2255 inimici
240 2206 325 2270 atque
343 2195 431 2251 invidi
449 2195 614 2251 niterentur.
658 2193 716 2253 Sed
734 2205 767 2252 ut
787 2213 823 2254 eo
844 2206 982 2272 tempore
1003 2217 1062 2258 non

117 2294 208 2351 modo
227 2293 289 2369 ipse
307 2292 402 2349 fautor
420 2291 566 2365 dignitatis
585 2303 651 2349 tuae
670 2290 719 2363 sui,
733 2311 833 2350 verum
851 2294 941 2352 etiarn
961 2297 1061 2355 ceteris

116 2400 216 2449 auctor
233 2390 270 2447 ad
289 2399 317 2447 te
336 2389 539 2460 adiuvandum,
555 2390 595 2447 sic
613 2407 662 2446 me
680 2408 760 2448 nunc
780 2391 915 2466 Pompeii
936 2393 1061 2469 dignitas

116 2487 301 2546 vehementer
318 2497 430 2557 movet;
453 2486 561 2562 aliquot
578 2487 656 2543 enim
674 2498 743 2545 sunt
756 2489 835 2558 anui,
851 2507 920 2547 curn
933 2508 990 2549 vos
1004 2492 1061 2550 duo

117 2585 219 2658 delegi,
231 2601 305 2659 quos
316 2584 470 2658 praecipue
484 2583 609 2641 colerem
623 2593 653 2640 et
663 2585 768 2659 quibus
783 2603 888 2656 essem,
899 2587 976 2645 sicut
987 2607 1060 2658 sum,

116 2682 315 2742 amicissimus.
358 2698 384 2754 3.
399 2679 498 2749 Quam
511 2680 625 2737 obrem
641 2698 658 2737 a
672 2690 700 2738 te
714 2691 783 2757 peto
796 2682 842 2740 vel
856 2684 956 2758 potius
967 2687 1061 2744 omni-

116 2785 171 2841 bus
185 2790 213 2838 te
232 2778 364 2854 precibus
383 2793 436 2834 oro
455 2786 483 2832 et
502 2777 640 2846 obtestor,
654 2787 686 2835 ut
704 2779 735 2834 in
753 2779 810 2836 tuis
827 2781 966 2840 maximis
987 2785 1061 2842 curis

117 2875 224 2952 aliquid
238 2874 384 2949 impertias
397 2873 537 2947 temporis
551 2872 618 2930 huic
631 2891 749 2950 quoque
764 2876 945 2950 cogitationi,
959 2887 993 2936 ut
1012 2890 1061 2938 tuo

116 2976 259 3037 beneficio
277 2976 373 3032 bonus
391 2973 441 3041 vir,
456 2983 562 3046 gratus,
577 2973 642 3048 pius
662 2973 788 3050 denique
809 2993 875 3032 esse
893 2977 926 3034 in
940 2979 1061 3036 maximi

117 3075 249 3135 beneficii
267 3072 407 3130 memoria
424 3071 552 3145 possim;
573 3087 648 3144 quae
667 3072 819 3128 sitantum
836 3073 875 3131 ad
894 3093 944 3133 me
964 3077 1062 3152 ipsum

30 3232 37 3244 ,
116 3173 299 3250 pertinerent,
309 3185 455 3243 sperarem
469 3185 516 3223 me
530 3185 548 3223 a
561 3176 590 3223 te
602 3177 701 3223 tamen
715 3169 947 3243 impetraturum,
960 3174 1022 3243 sed,
1032 3183 1063 3232 ut

117 3270 246 3336 arbitror,
259 3277 287 3324 et
308 3266 345 3322 ad
365 3276 443 3322 tuam
461 3264 548 3320 fidem
567 3272 596 3319 et
615 3261 653 3319 ad
674 3281 736 3319 rem
757 3267 905 3339 publicam
927 3272 1061 3344 pertinet,

118 3381 167 3422 me
193 3378 230 3419 ex
261 3359 361 3436 paucis
388 3369 417 3416 et
443 3357 484 3413 ad
507 3355 654 3430 utriusque
678 3365 807 3415 vestrum
831 3368 861 3418 et
889 3361 928 3420 ad
953 3365 1061 3423 civium

1095 40 1098 123 l
