2392 3848
119 198 289 283 amma]
321 211 434 264 rrrsr.
450 211 501 260 an
520 210 748 261 rnMrnrnnns
769 209 818 261 tv.
839 215 887 263 11.
1005 209 1068 280 205

311 433 359 490 95.
401 428 459 488 AD
480 428 731 488 FAMILIARES
754 428 805 487 IV.
830 446 875 488 11.

247 543 313 607 scr.
335 544 503 605 Mrrrnnrvrs
522 562 658 604 nxnumn
678 562 756 602 nuno
777 561 862 603 auc.
884 556 899 617 7
924 544 952 602 8.

423 669 594 710 nnncnnnus
614 668 748 711 crcunoru
761 667 784 709 s.

166 782 195 826 1.
215 764 379 825 Pnumnvu
397 765 520 824 valuisse
541 764 619 842 apud
639 783 687 823 me
708 774 789 822 tuam
810 780 925 838 semper
946 761 1069 821 auctori·

121 874 214 925 tatem
229 882 297 923 cum
309 865 340 922 in
354 865 435 922 omni
448 883 479 922 re
494 873 555 922 turn
575 865 605 921 in
623 863 681 922 hoc
701 863 827 921 maxime
846 862 965 938 negotio
985 872 1070 938 potes

122 963 297 1023 existimare.
340 960 415 1021 Cum
434 962 504 1019 mihi
524 961 558 1021 C.
573 961 736 1032 Marcellus,
752 961 837 1019 frater
856 960 1069 1019 amantissimus

122 1062 193 1131 mei,
208 1078 269 1118 non
283 1059 379 1118 solum
392 1060 546 1118 consilium
560 1058 649 1129 daret,
665 1058 718 1117 sed
736 1059 870 1135 precibus
885 1076 1002 1134 quoque
1021 1074 1069 1114 me

123 1160 299 1228 obsecraret,
309 1176 371 1216 nou
381 1158 460 1234 prius
470 1158 542 1216 mihi
556 1156 728 1234 persuadere
743 1157 844 1233 potuit,
854 1175 942 1232 quarn
957 1155 1012 1214 tuis
1027 1165 1070 1212 est

123 1257 263 1317 effectum
277 1256 376 1314 litteris
390 1267 421 1315 ut
434 1265 528 1314 uterer
538 1266 633 1314 vestro
647 1254 829 1331 potissimum
841 1254 971 1313 consilio.
1009 1252 1069 1310 Res

123 1353 404 1433 quemadmodum
423 1354 460 1412 sit
477 1363 551 1424 acta,
562 1362 674 1412 vestrae
694 1353 803 1410 litterae
824 1351 894 1408 mihi
917 1351 1072 1410 declarant.

124 1446 288 1509 Gratulatio
303 1457 352 1506 tua
365 1448 420 1506 etsi
435 1458 479 1506 est
492 1447 564 1504 mihi
577 1447 789 1523 probatissima,
806 1445 886 1522 quod
899 1448 937 1504 ab
956 1447 1068 1521 optimo

123 1542 159 1603 fit
172 1541 281 1612 animo,
295 1551 393 1600 tamen
406 1541 462 1599 hoc
476 1540 547 1599 mihi
561 1541 652 1599 multo
672 1541 824 1600 iucundius
844 1551 888 1599 est
906 1549 934 1598 et
953 1540 1070 1617 gratius,

123 1640 211 1719 quod
233 1638 264 1699 in
288 1657 403 1698 summa
427 1641 570 1715 paucitate
592 1640 761 1709 amicorum,
784 1640 1014 1715 propinquorum
1036 1655 1071 1694 ac

123 1737 367 1807 necessariorum,
389 1737 439 1815 qui
462 1755 529 1795 vere
555 1754 639 1795 meae
667 1736 751 1794 saluti
778 1735 914 1807 faverent,
936 1747 965 1794 te
990 1736 1070 1811 cupi·

124 1835 281 1895 dissimum
301 1834 360 1893 mei
384 1834 616 1910 singularemque
640 1834 710 1891 mihi
732 1835 963 1892 benevolentiam
989 1851 1071 1910 prae-

124 1933 235 1994 stitisse
249 1932 381 2008 cognovi.
424 1952 450 1992 a.
472 1931 595 2007 Reliqua
611 1942 677 1990 sunt
696 1933 758 1991 eius
778 1933 865 2003 modi,
881 1933 986 2007 quibus
1005 1949 1070 2006 eg0,

125 2031 270 2109 quoniam
289 2029 361 2089 haec
378 2039 459 2088 erant
473 2039 613 2105 tempora,
628 2028 711 2087 facile
727 2038 756 2087 et
769 2047 864 2106 aequo
879 2030 977 2087 animo
993 2048 1071 2087 care-

125 2131 217 2200 bam3
245 2127 302 2187 hoc
331 2144 398 2185 vero
423 2128 484 2185 eius
508 2126 589 2184 modi
614 2144 678 2185 esse
703 2136 806 2197 statuo,
828 2138 860 2185 ut
885 2127 947 2184 sine
972 2127 1072 2185 talium

125 2228 257 2287 virorum
290 2235 318 2285 et
348 2225 508 2284 amicorum
540 2225 740 2284 benevolentia
772 2244 866 2301 neque
894 2226 924 2283 in
953 2224 1074 2284 adversa

125 2344 226 2403 neque
240 2325 271 2383 in
285 2324 413 2383 secunda
430 2323 545 2382 fortuna
559 2324 712 2398 quisquam
731 2324 824 2381 vivere
844 2324 955 2400 possit:
976 2324 1073 2399 itaque

125 2426 160 2484 in
182 2424 239 2481 hoc
260 2441 316 2498 ego
337 2421 407 2478 mihi
428 2421 570 2496 gratulor;
595 2430 627 2478 tu
649 2439 716 2479 vero
738 2430 769 2479 ut
790 2421 940 2496 intellegas
961 2422 1073 2479 homini

126 2521 306 2583 amicissimo
319 2530 348 2579 te
362 2519 494 2579 tribuisse
509 2520 643 2589 officium,
658 2538 688 2577 re
703 2521 752 2577 tibi
767 2521 931 2595 praestabo.
966 2519 1049 2580 Vale.

347 2677 394 2733 96.
437 2673 494 2732 ΑΙ)
515 2671 709 2732 ATTICUM
731 2672 799 2732 XII.
823 2692 869 2733 21.

267 2788 332 2852 Sex.
353 2789 494 2849 Ascuam
514 2807 607 2847 nausa
628 2787 752 2846 Manrro
774 2807 856 2849 auc.
874 2803 941 2864 709.

454 2913 557 2956 cronno
578 2913 684 2954 arrico
704 2912 763 2953 sar.

175 3028 201 3073 1.
223 3009 299 3071 Lacr
318 3010 399 3069 Bruti
418 3008 569 3085 epistolam
588 3027 711 3085 eamque
731 3009 781 3067 tibi
800 3009 905 3081 remisi,
921 3028 991 3068 sane
1012 3028 1073 3070 non

131 3111 290 3189 prudenter
310 3109 478 3184 rescriptam
498 3107 536 3165 ad
557 3125 600 3177 ea,
615 3124 690 3183 quae
710 3108 889 3182 requisieras.
933 3107 990 3167 Sed
1010 3109 1073 3185 ipse

132 3210 233 3269 viderit
243 3227 253 3282 ;
273 3224 452 3283 quamquam
471 3205 540 3263 illud
561 3206 680 3280 turpiter
700 3204 832 3280 ignorat:
854 3204 999 3264 Catonem
1017 3208 1074 3284 pri·

134 3326 216 3368 mum
235 3305 407 3366 sententiam
428 3314 509 3380 putat
529 3303 565 3362 de
587 3303 835 3362 animadversione
856 3304 971 3377 dixisse,
986 3325 1075 3383 quam

135 3424 238 3466 omnes
262 3415 330 3464 ante
353 3404 484 3465 dixerant
508 3412 620 3479 praeter
645 3401 808 3475 Caesarem,
832 3414 869 3474 et,
892 3423 960 3464 curn
985 3407 1075 3483 ipsius
