2392 3848
111 182 226 275 apta]
335 198 445 252 aaran
467 198 516 247 no
537 198 701 248 arricum
721 199 771 250 rx,
797 203 848 253 ιο.
1000 201 1061 270 153

111 355 291 433 cogitabam,
304 356 407 414 urbem
422 363 519 413 autem
538 363 566 413 et
585 354 727 431 populum
741 362 872 412 nostrum
886 354 1059 413 servandum

110 453 151 515 ad
171 453 425 520 immortalitatem,
442 463 584 528 quantum
604 453 635 510 in
655 454 740 511 nobis
762 462 847 523 esset,
868 453 1016 529 putabam,
1031 463 1060 510 et

110 562 214 613 tamen
230 569 300 628 spes
318 551 464 628 quaedam
484 570 532 609 me
548 551 713 610 oblectabat
730 551 802 621 iore,
816 561 847 608 ut
866 551 973 626 aliquid
991 568 1059 608 con-

109 651 224 709 veniret
242 649 348 725 potius,
364 666 452 725 quarn
472 658 521 706 aut
539 647 586 707 hic
607 657 719 706 tantum
739 648 854 706 sceleris
869 657 919 705 aut
936 647 982 705 ille
996 657 1060 704 tan·

110 756 176 807 tum
190 745 293 823 flagitii
307 746 479 804 admitteret.
522 745 589 803 Alia
602 764 648 803 res
668 763 747 803 nunc
765 755 825 803 tota
840 756 892 815 est,
908 745 963 802 alia
976 762 1060 802 mens

111 862 198 905 mea:
220 844 273 915 sol,
287 853 319 902 ut
338 853 382 902 est
402 845 433 900 in
453 853 503 901 tua
517 843 643 919 quadarn
658 842 787 918 epistola,
803 842 944 900 excidisse
958 842 1029 899 mihi
1044 860 1060 899 e

110 942 229 1003 mundo
251 940 369 999 videtur.
413 939 454 998 Ut
475 950 604 1015 aegrot0,
625 940 695 998 dum
717 940 814 996 anima
834 947 887 1010 est,
907 957 974 1015 spes
995 958 1060 998 esse

112 1040 228 1110 dicitur,
249 1039 292 1098 sic
312 1055 378 1114 eg0‚
401 1037 499 1114 quoad
520 1037 677 1113 Pompeius
697 1037 729 1094 in
756 1037 839 1094 Italia
860 1036 921 1106 fuit,
944 1054 1060 1112 sperare

111 1154 177 1197 nou
205 1136 320 1195 destiti:
349 1135 422 1193 haec
450 1153 498 1193 me
519 1134 689 1205 fefellerunt,
713 1142 750 1203 et,
772 1145 804 1192 ut
825 1147 924 1192 verum
949 1135 1060 1209 loquar,

111 1244 195 1293 actas
210 1235 268 1292 iam
282 1252 300 1292 a
314 1233 455 1292 diuturnis
475 1233 623 1291 laboribus
637 1233 748 1291 devexa
762 1233 798 1290 ad
815 1232 906 1290 otium
921 1232 1061 1290 domesti-

112 1349 216 1392 carum
242 1349 292 1389 me
318 1348 414 1389 rerum
439 1330 627 1388 delectatione
655 1330 782 1388 mollivit.
838 1329 935 1400 Nunc,
965 1330 988 1388 si
1016 1330 1061 1387 vel

113 1429 278 1508 periculose
313 1428 524 1505 experiundum
554 1429 615 1498 erit,
642 1429 774 1504 experiar
808 1438 894 1498 certe,
926 1437 957 1484 ut
991 1427 1061 1485 hinc

113 1528 238 1587 avolem
280 1527 358 1585 Ante
383 1527 511 1602 oportuit
535 1526 676 1598 sortasse;
710 1526 761 1584 sed
786 1543 829 1596 ea,
851 1543 926 1600 quae
952 1525 1061 1600 scripsi,

113 1644 165 1687 me
189 1625 338 1684 tardarunt
359 1635 389 1683 et
413 1628 567 1683 auctoritas
594 1625 721 1682 maxime
742 1635 800 1681 tua.
843 1641 870 1695 4.
893 1620 972 1680 Nam
993 1640 1060 1680 cum

113 1724 155 1783 ad
182 1722 263 1781 hunc
289 1722 388 1780 locum
414 1722 567 1793 venissem,
595 1721 686 1779 evolvi
710 1721 847 1778 volumen
875 1720 1060 1796 epistolarum

113 1833 241 1890 tuarum,
263 1820 343 1897 quod
366 1838 422 1895 ego
444 1819 495 1876 sub
518 1820 603 1894 signo
624 1818 719 1876 habeo
741 1836 882 1893 servoque
904 1816 1061 1892 diligentis-

114 1920 199 1979 sime.
239 1917 310 1976 Erat
330 1917 416 1992 igitur
436 1917 466 1974 in
487 1934 530 1987 ea,
546 1934 633 1991 quarn
654 1934 682 1974 x.
699 1915 737 1973 K.
753 1915 837 1975 Febr.
851 1915 981 1986 dederas
1002 1913 1060 1973 hoc

114 2017 227 2077 modos
261 2015 329 2074 ‘sed
357 2014 514 2084 videamus,
543 2023 572 2072 et
601 2013 720 2072 Gnaeus
745 2013 815 2089 quid
839 2020 906 2088 agat
930 2021 959 2071 et
986 2012 1060 2070 illius

113 2114 244 2173 rationes
264 2129 403 2188 quorsum
423 2111 531 2168 fluant:
556 2111 636 2186 quod
656 2112 680 2169 si
701 2112 754 2168 iste
776 2110 889 2167 Italiam
909 2109 1059 2184 relinquet,

114 2211 204 2271 faciet
218 2210 340 2268 omnino
354 2209 430 2266 male
444 2218 480 2280 et,
490 2218 522 2266 nt
533 2227 589 2283 ego
601 2209 743 2276 existimo,
756 2210 913 2280 ἀλογίστως
934 2207 1060 2265 sedtum

115 2309 237 2369 demum
256 2307 375 2366 consilia
393 2314 493 2364 nostra
507 2306 716 2364 commutanda
730 2305 830 2363 erunt.'
873 2303 942 2363 Hoc
957 2305 1059 2363 scribis

114 2415 185 2483 post
206 2405 284 2465 diem
305 2414 447 2480 quartum,
461 2421 550 2479 quam
571 2404 608 2461 ab
623 2405 694 2461 urbe
709 2403 901 2461 discessimus.
945 2401 1060 2461 Deinde

116 2522 178 2563 vm.
188 2501 228 2561 K
239 2501 322 2561 Febr.
335 2519 343 2559 t
365 2506 495 2559 ‘tantum
510 2501 601 2558 modo
615 2499 735 2558 Gnaeus
746 2512 845 2558 noster
855 2518 900 2570 ne,
910 2509 941 2557 ut
959 2501 1061 2558 urbem

116 2598 265 2673 ὼγίστως
278 2599 399 2674 reliquit,
414 2599 455 2656 sic
477 2597 590 2655 Italiam
609 2597 766 2672 relinquat’
808 2596 922 2654 Eodem
943 2597 989 2655 die
1008 2599 1060 2656 das

116 2696 223 2755 alteras
243 2696 360 2767 litteras,
374 2697 479 2773 quibus
493 2695 565 2753 mihi
580 2696 743 2754 consulenti
757 2694 924 2771 planissime
939 2713 1060 2770 respon·

116 2796 183 2869 des3
204 2803 249 2853 est
263 2795 341 2853 enim
352 2795 405 2853 sic:
428 2794 492 2853 ‘sed
507 2795 591 2852 venio
606 2795 644 2852 ad
653 2793 894 2851 consultationem
909 2802 996 2850 tuam.
1031 2792 1061 2851 Si

116 2890 239 2951 Gnaeus
250 2891 333 2949 Italia
348 2890 431 2962 cedit,
440 2893 470 2948 in
481 2892 581 2948 urbem
596 2891 776 2949 redeundum
788 2899 859 2965 puto
869 2909 877 2962 3
899 2907 973 2965 quae
983 2889 1060 2947 enim

117 2990 183 3049 linis
198 2989 472 3065 peregrinationis?
495 2988 563 3046 Hoc
578 2988 649 3045 mihi
670 2988 756 3063 plane
770 2988 870 3058 haesit,
885 2997 914 3044 et
928 3005 1005 3044 nunc
1020 2987 1060 3044 ita

117 3087 211 3157 vide0‚
227 3086 370 3143 infinitum
384 3086 491 3144 bellurn
506 3088 635 3144 iunctum
650 3086 810 3143 miserrima
829 3085 905 3159 luga,
921 3102 1010 3160 quarn
1029 3094 1060 3142 tu

118 3184 383 3262 peregrinationem
410 3184 553 3257 ὑποκορίζῃ.
600 3198 626 3257 5.
651 3183 784 3259 Sequitur
811 3185 927 3255 χρησμὸς
954 3200 992 3240 VI.
1017 3180 1057 3240 K.

118 3282 307 3343 Februarias:
329 3286 409 3356 ‘ego
426 3282 449 3339 si
469 3281 625 3358 Pompeius
642 3292 739 3338 manet
753 3283 783 3337 in
799 3279 880 3337 ltalia
894 3297 947 3336 nec
962 3298 1007 3337 res
1022 3279 1060 3337 ad

120 3381 285 3457 pactionem
309 3379 394 3450 venit,
415 3380 529 3454 longius
553 3378 661 3439 bellurn
682 3387 753 3455 puto
774 3377 835 3436 iore
845 3397 854 3451 3
881 3377 925 3436 sin
946 3377 1059 3436 Italiam
