2392 3848
120 181 162 262 84
323 193 428 242 .Μ.
453 192 573 241 rurrrr
594 190 781 240 ercrnonrs
947 171 1016 265 [raa
1030 188 1059 237 rr.

119 362 206 420 saepe
221 343 295 402 facio
312 344 372 402 deis
387 344 611 418 hominibusque
626 340 863 419 adprobantibus.
906 337 1013 398 Habes
1027 338 1060 396 de

118 441 244 511 Vatinio,
265 460 411 517 cognosce
433 442 470 500 de
491 441 608 500 Crasse.
653 458 698 498 20.
721 438 797 513 Ego,
812 454 881 496 cum
902 435 976 494 mihi
997 453 1061 494 cum

117 538 165 596 illo
180 558 288 615 magna
302 540 358 597 iam
373 540 464 615 gratia
478 547 562 607 esset,
578 537 659 614 quod
673 537 734 595 eius
753 553 857 594 omnes
876 533 1061 610 gravissimas

117 636 235 694 iniurias
256 637 420 695 communis
442 636 616 695 concordiae
638 653 726 693 causa
749 633 911 691 voluntaria
934 631 1062 709 quadam

117 729 262 787 oblivione
300 731 500 800 contriveram,
539 730 720 806 repentinam
758 729 819 786 eius
860 725 1062 785 defensionem

118 818 244 899 Gabinii,
266 845 354 904 quem
378 828 519 903 proximis
545 820 768 907 [superioribus]
794 824 898 883 diebus
924 825 1063 881 acerrime

117 935 327 1000 oppugnasset,
348 933 453 996 tamen,
474 925 499 982 si
520 925 583 982 sine
603 923 661 982 ulla
681 942 748 981 mea
768 921 944 980 contumelia
964 939 1063 990 susce7

117 1022 215 1097 pisset,
236 1022 382 1094 tulissem;
411 1022 473 1092 sed,
495 1039 562 1080 cum
588 1039 636 1079 me
662 1021 866 1096 disputantem,
886 1036 949 1076 non
972 1018 1062 1077 laces-

117 1130 229 1176 sentem
250 1118 388 1188 laesisset,
406 1119 499 1176 exarsi
521 1136 582 1175 non
603 1117 698 1176 solum
718 1117 872 1193 praesenti,
892 1115 992 1186 credo,
1008 1116 1062 1173 ira·

118 1217 334 1274 cundia—nam
355 1235 391 1274 ea
414 1225 474 1273 tarn
496 1216 652 1275 vehemens
673 1215 796 1275 fortasse
816 1233 878 1273 non
898 1213 1062 1284 fuisset-‚

118 1314 178 1383 sed,
202 1332 269 1372 cum
294 1314 437 1371 inclusum
462 1314 531 1371 illud
555 1315 655 1372 odium
683 1314 838 1372 multarum
865 1311 928 1370 eius
955 1313 986 1370 in
1014 1329 1063 1369 me

117 1411 292 1480 iniuriarum,
308 1411 388 1487 quod
407 1429 464 1486 ego
484 1411 619 1469 effudisse
639 1430 686 1469 me
704 1429 792 1469 omne
810 1409 976 1479 arbitrabar,
992 1410 1062 1467 resi·

118 1512 208 1570 duum
223 1519 320 1568 tamen
335 1510 475 1568 insciente
489 1529 536 1568 me
552 1510 659 1579 luisset,
674 1529 763 1568 omne
780 1519 899 1584 repente
918 1511 1060 1585 apparuit

118 1608 188 1680 Quo
203 1607 320 1684 quidem
336 1616 466 1682 tempore
484 1608 548 1682 ipso
564 1608 682 1682 quidam
701 1607 843 1678 homines,
858 1616 887 1663 et
906 1606 995 1664 iidem
1014 1607 1060 1675 illi,

118 1725 193 1783 quos
213 1724 299 1781 saepe
319 1713 388 1762 nutu
408 1704 676 1780 significationeque
693 1703 816 1780 appelle,
832 1722 900 1762 cum
918 1722 951 1762 se
969 1705 1061 1762 maxi·

118 1826 199 1864 mum
221 1806 344 1863 fructum
366 1804 478 1879 cepisse
503 1804 630 1862 dicerent
652 1823 688 1862 ex
712 1803 841 1861 libertate
865 1822 933 1861 mea
956 1822 1062 1880 meque

119 1916 180 1963 tum
195 1904 319 1978 denique
335 1903 388 1960 sibi
408 1920 472 1960 esse
492 1903 585 1959 visum
604 1902 644 1959 rei
662 1901 804 1976 publicae,
819 1900 912 1977 qualis
930 1901 1060 1973 fuissem,

118 2003 287 2071 restitutum,
298 2018 422 2075 cumque
437 2017 472 2056 ea
487 1999 634 2056 contentio
649 1999 719 2056 mihi
733 2017 874 2074 magnum
889 2000 977 2057 etiam
991 1999 1061 2059 loris

119 2103 242 2160 fructum
253 2100 368 2167 tulisset,
378 2097 504 2178 gaudere
516 2116 547 2156 se
559 2098 694 2156 dicebant
704 2098 773 2154 mihi
785 2108 813 2156 et
824 2096 902 2155 illum
912 2098 1062 2157 inimicum

119 2211 148 2258 et
175 2217 236 2268 eos,
260 2198 309 2273 qui
337 2197 367 2254 in
396 2195 500 2253 eadem
524 2214 612 2254 causa
636 2205 742 2267 essent,
766 2213 926 2270 numquam
950 2196 1062 2255 amicos

120 2298 247 2355 futuros:
262 2313 386 2371 quorum
401 2294 491 2371 iniqui
506 2308 655 2352 sermones
671 2312 737 2352 cum
752 2294 789 2351 ad
804 2312 850 2351 me
865 2312 917 2369 per
928 2292 1062 2353 homines

120 2395 339 2453 honestissimos
360 2391 551 2468 perferrentur
569 2410 694 2468 cumque
714 2393 872 2468 Pompeius
886 2393 926 2449 ita
940 2401 1062 2450 conten-

121 2493 218 2561 disset,
232 2501 264 2550 ut
283 2490 353 2548 nihil
371 2507 512 2566 umquam
526 2491 629 2565 magis,
644 2499 675 2547 ut
690 2509 757 2548 cum
771 2490 879 2549 Crasso
893 2489 1017 2547 redirem
1032 2491 1062 2548 in

121 2591 250 2667 gratiam,
267 2588 432 2665 Caesarque
446 2607 498 2665 per
512 2589 617 2647 litteras
632 2589 759 2646 maxima
773 2607 805 2647 se
819 2587 950 2646 molestia
965 2607 1001 2646 ex
1015 2588 1063 2646 illa

122 2688 308 2749 contentione
332 2687 478 2745 adfectum
503 2689 678 2757 ostenderet,
699 2686 786 2744 habui
811 2705 872 2744 non
896 2695 1063 2762 temporum

122 2788 217 2846 solum
231 2786 373 2843 rationem
392 2803 534 2855 meorum,
549 2785 601 2843 sed
621 2785 707 2842 etiam
728 2794 855 2856 naturae,
871 2783 1062 2859 Crassusque,

122 2896 154 2944 ut
164 2884 247 2961 quasi
261 2892 363 2942 testata
376 2883 485 2960 populo
500 2881 636 2939 Romano
652 2891 728 2940 esset
742 2893 842 2941 nostra
854 2883 954 2959 gratia,
968 2901 1064 2959 paene

123 3003 141 3042 a
160 2983 234 3040 meis
255 2978 377 3039 Laribus
398 2982 427 3038 in
448 2979 625 3055 provinciam
647 2989 690 3037 est
710 2979 874 3054 prolectus3
896 2998 974 3050 nam,
996 3000 1065 3040 cum

123 3081 193 3138 mihi
213 3081 398 3150 condixisset‚
414 3078 526 3137 cenavit
545 3076 623 3152 apud
641 3095 688 3134 me
707 3076 737 3133 in
756 3079 814 3134 mei
832 3078 932 3153 generi
952 3077 1064 3137 Crassi-

123 3178 205 3255 pedis
224 3178 322 3237 hortis.
365 3176 463 3248 Quam
481 3176 595 3233 obrem
610 3175 671 3232 eius
686 3192 812 3245 causam,
828 3175 907 3251 quod
921 3185 949 3233 te
964 3176 1064 3234 scribis

124 3277 248 3346 audisse,
265 3295 373 3352 magna
394 3276 467 3333 illius
489 3271 743 3332 commendatione
762 3284 928 3349 susceptam
948 3273 1066 3332 defendi

124 3375 155 3433 in
182 3385 292 3447 senatu,
318 3376 391 3435 sicut
419 3392 484 3434 mea
513 3373 584 3431 fides
612 3371 786 3432 postulabat.
837 3390 883 3431 21.
908 3371 1065 3450 Accepisti,
