2392 3848
122 204 168 271 sp
181 184 240 279 34]
315 200 430 253 srrsr.
451 202 502 251 sn
522 202 743 252 mmmmm
756 203 843 254 rm.
868 187 898 255 8.
1027 205 1071 271 99

122 355 369 417 auctoritatem
389 355 560 434 perscribi
580 364 613 413 et
630 355 671 413 de
695 373 735 413 ea
754 372 789 413 re
808 354 851 413 ad
871 352 961 412 hunc
981 353 1071 411 ordi-

123 470 202 514 nem
222 452 353 513 reierri.
393 452 484 512 Huic
503 470 526 513 s.
547 471 573 513 c.
588 452 789 511 intercessit
812 451 846 511 C.
864 451 1013 521 Caelius,
1033 448 1071 512 C.

123 548 449 627 Hmafflmmm

164 651 195 709 8.
216 647 373 725 Itemque
395 648 530 707 senatui
550 647 688 724 placere
707 647 742 706 in
761 646 917 706 Ciliciam
938 645 1072 722 provin-

123 747 224 817 ciam,
246 746 282 806 in
304 764 368 805 vrrr
390 746 542 822 reliquas
569 748 773 823 provincias,
794 763 880 823 quas
907 744 1072 822 praetorii

123 862 189 923 pro
213 853 372 921 praetore
395 845 602 914 obtinerent,
623 862 691 916 eos,
713 844 772 920 qui
799 852 980 918 praetores
1004 840 1072 901 fue·

122 950 205 1003 runt
225 959 337 1018 neque
359 942 393 1001 in
416 942 629 1018 provinciam
651 960 726 1000 cum
751 942 897 1018 imperio
922 939 1072 1010 fuerunt,

122 1054 215 1117 quos
237 1054 362 1108 eorum,
384 1055 426 1096 ex
451 1055 475 1097 s.
497 1056 522 1098 c.
548 1056 621 1097 cum
647 1039 792 1114 imperio
816 1038 851 1095 in
877 1036 1073 1113 provincias

123 1146 372 1212 propraetore
395 1135 486 1193 mitti
507 1144 693 1212 oporteret,
714 1153 775 1194 eos
794 1135 919 1193 sortito
940 1134 975 1192 in
995 1150 1073 1208 pro·

123 1232 260 1293 vincias
291 1233 382 1292 mitti
416 1233 569 1310 placere3
607 1233 636 1292 si
667 1250 708 1291 ex
735 1251 776 1292 eo
804 1250 955 1303 numero,
986 1249 1072 1308 quos

122 1348 169 1391 ex
195 1348 221 1391 s.
243 1348 270 1392 c.
296 1330 331 1390 in
360 1331 560 1408 provincias
590 1331 639 1389 ire
670 1341 859 1408 oporteret,
890 1329 932 1388 ad
958 1347 1072 1387 nume-

123 1446 198 1488 rum
229 1445 299 1488 non
330 1438 455 1499 essent,
489 1428 547 1505 qui
579 1428 614 1486 in
645 1445 704 1487 eas
736 1427 935 1504 provincias
966 1425 1072 1502 proii-

123 1527 350 1597 ciscerentur,
368 1534 439 1584 tum
459 1527 509 1584 uti
529 1526 694 1602 quodque
717 1525 905 1601 collegium
925 1524 1072 1600 primum

123 1630 324 1701 praetorum
346 1620 472 1682 suisset
499 1641 613 1699 neque
637 1624 672 1680 in
696 1623 895 1699 provincias
923 1619 1072 1697 proiecti

124 1728 252 1789 essent,
271 1718 320 1779 ita
340 1728 434 1778 sorte
458 1720 493 1778 in
519 1721 718 1797 provincias
741 1718 1070 1796 proficiscerentu13

123 1816 156 1877 si
185 1815 211 1877 ii
243 1816 287 1876 ad
319 1836 497 1877 numerum
531 1836 602 1877 non
637 1825 762 1887 essent,
791 1827 871 1875 tunc
907 1815 1071 1891 deinceps

124 1914 275 1993 proximi
294 1915 461 1992 cuiusque
480 1915 629 1991 collegii,
646 1914 705 1992 qui
724 1923 903 1990 praetores
921 1911 1072 1972 fuissent

124 2031 239 2091 neque
265 2015 301 2075 in
327 2016 526 2090 provincias
552 2013 701 2091 profecti
728 2023 853 2082 essent,
882 2012 915 2068 in
943 2020 1072 2069 sortem

123 2110 395 2183 coniicerentur,
419 2112 533 2189 quoad
556 2112 586 2170 is
609 2128 770 2168 numerus
794 2109 942 2168 effectus
970 2118 1070 2178 esset,

123 2207 283 2285 quemad
300 2227 477 2267 numerum
495 2209 529 2266 in
546 2209 745 2286 provincias
763 2209 853 2266 mitti
871 2215 1052 2282 oporteret
1060 2228 1070 2282 ;

123 2306 155 2367 si
173 2305 252 2382 quis
269 2305 348 2364 huic
360 2324 383 2367 s.
397 2324 423 2366 c.
438 2306 705 2376 intercessisset,
721 2306 912 2364 auctoritas
927 2305 1071 2379 perseri-

123 2404 270 2464 beretur.
321 2401 412 2462 Huic
443 2420 466 2463 s.
498 2421 525 2464 c.
558 2404 757 2461 intercessit
789 2401 824 2461 C.
853 2401 1001 2473 Caelius,
1035 2401 1070 2464 C.

123 2500 444 2577 Pansatribunipl.

166 2618 198 2675 9.
218 2598 271 2658 Illa
291 2609 440 2675 praeterea
459 2597 513 2658 Cn.
527 2597 660 2677 Pompeii
681 2612 749 2660 sunt
768 2598 976 2672 animadversa,
996 2618 1071 2677 quae

122 2696 255 2759 maxime
275 2696 480 2755 confidentiam
501 2697 654 2756 attulerunt
672 2697 846 2768 hominibus,
863 2708 895 2756 ut
912 2698 1018 2756 diceret
1038 2714 1070 2755 se

122 2806 195 2857 ante
219 2794 285 2853 Kal.
309 2792 429 2853 Martias
453 2813 515 2853 non
537 2813 625 2871 posse
650 2797 711 2853 sine
732 2795 834 2854 iniuria
855 2797 891 2855 de
915 2796 1070 2871 provinciis

123 2892 260 2955 caesaris
278 2901 411 2962 statuere,
426 2903 494 2968 post
513 2892 578 2950 Kal.
596 2892 716 2951 Martias
734 2911 766 2952 se
786 2912 847 2951 non
866 2894 1070 2953 dubitaturum.

123 2990 204 3051 Cum
224 2989 455 3065 interrogaretur,
476 2991 570 3067 siqui
594 3001 656 3049 tum
680 2991 897 3061 intercederent,
919 2992 990 3049 dixit
1014 2991 1070 3050 hoc

122 3087 196 3149 nihil
222 3086 371 3157 interesse,
394 3098 490 3145 utrum
515 3086 548 3148 C.
570 3087 678 3147 Caesar
706 3089 817 3146 senatui
845 3089 922 3146 dieto
950 3089 1071 3147 audiens

122 3186 238 3247 iuturus
269 3202 330 3243 uon
361 3194 437 3243 esset
469 3203 507 3243 an
537 3195 649 3261 pararet
676 3186 726 3262 qui
754 3195 887 3244 senatum
915 3185 1070 3246 decernere

123 3302 188 3345 non
210 3292 364 3361 pateretur.
407 3282 514 3355 ‘Quid,
538 3283 574 3341 si’
598 3284 692 3360 inquit
715 3284 787 3342 alius
813 3288 861 3341 ‘et
883 3285 984 3343 consul
1006 3304 1070 3346 esse

122 3392 154 3443 et
179 3379 340 3443 exercitum
365 3378 473 3439 habere
500 3380 608 3439 voleti’
648 3381 690 3441 At
715 3380 761 3440 ille
786 3399 874 3461 quam
898 3381 1071 3445 dementer:

570 3494 624 3539 ur
