2498 3840
239 209 259 262 a
509 206 548 258 rr.
574 207 693 256 ruarrr
713 209 901 257 crosxoms
1000 182 1002 187 ’
1076 196 1142 279 [ans
1156 213 1177 261 r.

239 375 349 442 petunt,
377 364 485 425 Caesar
516 375 610 424 certus
644 375 768 442 putatur.
785 428 795 447 ,Ι
809 366 955 426 Thermus
984 385 1051 426 cum
1080 366 1178 426 Silano

240 464 420 527 contendere
442 464 624 534 existimatur,
650 465 700 539 qui
723 453 891 541 sic‘inopes
919 474 948 523 et
970 466 1007 522 ab
1030 465 1129 523 amicis
1151 475 1180 524 et

240 562 275 621 ab
288 561 497 620 existimatione
518 570 593 631 sunt,
608 572 639 620 ut
659 561 731 618 mihi
751 563 880 620 videatur
900 581 960 621 non
974 582 1038 622 esse
1058 564 1180 619 ἀδύνατον

241 660 361 719 Curium
378 659 531 736 obducere.
573 658 631 717 Sed
651 659 707 718 hoc
728 671 842 745 praeter
861 679 909 719 me
930 662 1039 718 nemini
1059 662 1179 732 videtur.

241 757 356 816 Nostris
376 757 536 815 rationibus
556 741 682 815 maxime
703 758 867 841 conducere
889 759 999 817 videtur
1018 758 1179 817 Thermum

241 855 302 912 fieri
330 872 397 913 cum
426 853 570 926 Caesare;
593 872 682 912 nemo
710 865 753 913 est
781 858 860 912 enirn
887 874 924 913 ex
952 856 996 926 iis,
1025 857 1073 931 qui
1101 875 1179 914 nunc

240 961 351 1027 petunt,
372 953 430 1027 qui,
451 951 475 1010 si
496 951 526 1008 in
546 961 677 1009 nostrum
698 952 967 1023 annmkreeidertt,
983 953 1091 1010 firmior
1111 972 1180 1011 can·

242 1049 356 1108 didatus
380 1049 441 1107 fore
463 1049 598 1118 videatur,
621 1058 774 1124 propterea
798 1050 878 1126 quod
906 1060 1019 1108 curator
1047 1060 1090 1108 est
1118 1052 1180 1108 viae
1234 1099 1238 1102 ,

241 1146 409 1216 Flaminiae,
432 1147 535 1222 †quae
548 1216 550 1222 Ι
563 1165 630 1205 cum
641 1187 647 1214 Α,
658 1148 710 1204 erit
744 1148 876 1206 absoluta
904 1166 974 1206 sane
985 1198 992 1208 .
1002 1147 1085 1206 facile
1112 1166 1180 1207 eum

186 1292 189 1298 .
242 1245 460 1304 libenternunc
482 1240 567 1304 ceteri
588 1236 701 1304 consuli
722 1247 885 1304 occiderim.
927 1247 1085 1305 Petitorum
1108 1248 1181 1306 haec

243 1353 288 1402 est
315 1342 408 1401 adhuc
435 1343 590 1402 informata
616 1344 762 1420 cogitatio.
805 1343 869 1402 Nos
896 1345 926 1402 in
953 1345 1034 1402 omni
1062 1364 1181 1404 munere

244 1440 442 1501 candidatorio
460 1440 609 1516 fungendo
628 1458 772 1498 summam
789 1409 1182 1518 adhibebimus‘dillgentiam

243 1548 273 1597 et
293 1538 423 1607 sortasse,
444 1539 582 1613 quoniam
602 1537 713 1594 videtur
734 1538 764 1594 in
785 1524 928 1624 suffra'giis
951 1539 1072 1597 multum
1094 1557 1182 1615 posse

244 1636 346 1705 Gallia,
361 1654 428 1694 cum
443 1635 557 1694 Romae
571 1654 589 1693 a
602 1635 712 1693 iudiciis
727 1634 820 1692 lorum
828 1631 981 1708 refrixerit,
996 1655 1182 1696 excurremus

243 1751 345 1792 mense
367 1732 528 1808 Septembri
549 1731 634 1808 legati
656 1732 860 1821 adPisopem,
880 1745 912 1791 ut
934 1734 1068 1793 Ianuario
1089 1754 1185 1792 rever·

148 1871 152 1888 ,
243 1827 445 1890 tamurz'cum
463 1848 638 1908 perspexero
657 1831 819 1888 voluntates
837 1832 984 1903 nobilium,
1000 1833 1125 1891 scribam
1145 1832 1184 1890 ad

244 1937 281 1984 te.
325 1926 429 1986 Cetera
456 1946 541 2004 spero
574 1927 785 2003 prolianesse,
814 1928 859 1986 his
889 1930 1038 1988 dumtaxat
1066 1931 1183 1988 urbanis

245 2025 488 2100 competitoribus,
530 2024 614 2083 Illam
635 2042 755 2082 manum
769 2035 800 2083 tu
820 2025 892 2083 mihi
912 2045 981 2085 cura
1001 2037 1032 2084 ut
1047 2038 1184 2103 praestes,

245 2123 384 2204 quoniam
405 2123 524 2198 propius
546 2123 622 2191 abes,
644 2120 784 2197 Pompeii,
805 2123 897 2182 nostri
917 2124 1018 2181 amici:
1040 2143 1117 2200 nega
1137 2143 1186 2200 me·

246 2223 273 2290 ei
286 2222 390 2279 iratum
404 2220 475 2282 lore.
491 2221 514 2278 si
528 2221 565 2278 ad
584 2238 651 2279 mea
661 2221 782 2300 'comitia
798 2240 860 2280 non
880 2223 997 2279 venerit.
1040 2243 1066 2298 3.
1087 2224 1185 2299 Atque

246 2318 318 2378 haec
339 2317 424 2376 huius
445 2317 526 2375 modi
551 2325 624 2375 sunt.
669 2317 726 2376 Sed
751 2327 795 2376 est
816 2319 896 2394 quod
920 2320 972 2378 abs
996 2328 1024 2377 te
1046 2321 1116 2377 mihi
1143 2323 1185 2396 ig-

247 2416 330 2474 nosci
354 2414 509 2491 pervelim:
542 2413 693 2485 Caecilius,
718 2416 876 2474 avunculus
900 2426 976 2484 tuus,
1001 2436 1019 2475 a
1043 2418 1073 2475 P.
1096 2418 1186 2476 Vario
1235 2444 1238 2449 ·

188 2586 202 2607 β
248 2491 315 2572 cum
335 2531 444 2588 magna
464 2513 587 2588 pecunia
605 2512 790 2584 fraudaretur,
812 2531 898 2589 agere
919 2515 1016 2589 coepit
1037 2534 1103 2572 cum
1125 2517 1187 2574 eius

199 2604 216 2686 ’,
248 2610 333 2669 fratre
354 2610 389 2666 A.
406 2608 530 2691 Caninio
560 2608 661 2685 Satyro
689 2610 726 2668 de
754 2611 788 2669 iis
811 2613 905 2681 rebus,
931 2629 1003 2686 quas
1028 2630 1094 2669 eum
1118 2612 1187 2669 dolo

248 2679 489 2790 malofr'tiarr‘cipio
510 2707 656 2782 accepisse
676 2706 712 2765 de
732 2706 822 2766 Vario
840 2709 961 2781 diceret;
983 2727 1042 2766 una
1062 2711 1188 2785 agebant

249 2805 337 2865 ceteri
354 2804 518 2875 creditores,
533 2805 563 2860 in
583 2805 690 2881 quibus
706 2815 766 2864 erat
786 2804 824 2862 L.
840 2805 976 2864 Lucullus
996 2815 1024 2864 et
1041 2806 1071 2863 P.
1090 2807 1188 2882 Scipio

250 2910 279 2960 et
297 2901 330 2971 is,
352 2916 440 2974 quem
460 2899 601 2973 putabant
623 2899 792 2974 magistrum
817 2899 887 2970 fore,
909 2901 933 2959 si
953 2902 1032 2958 bona
1052 2903 1189 2971 venirent,

249 2998 285 3058 L.
299 2998 429 3056 Pontius.
479 2994 590 3054 Verum
626 2996 683 3054 boc
710 2997 861 3055 ridiculum
896 3007 940 3056 est
969 2998 1006 3056 de
1040 2999 1189 3073 magistro.

251 3096 339 3162 Nunc
358 3115 505 3172 cognosce
521 3115 591 3156 rem.
633 3095 825 3183 Rogavit'me
844 3096 994 3168 Caecilius,
1009 3108 1041 3156 ut
1058 3099 1192 3156 adessem

252 3204 355 3256 contra
380 3195 529 3293 Satyrpm:
558 3196 628 3284 dies⁸
643 3188 821 3262 seminudus
842 3207 886 3256 est
910 3198 980 3272 quin
1004 3198 1051 3256 hio
1074 3198 1191 3273 Satyrus

253 3293 375 3352 domum
395 3279 645 3366 meairl‘lr‘entitet}
671 3294 804 3352 observat
824 3293 858 3352 L.
873 3293 1034 3352 Domitium
1056 3296 1191 3365 maxime,

253 3410 301 3454 me
329 3391 416 3450 habet
441 3392 624 3471 proximum;
653 3391 706 3452 luit
729 3401 758 3451 et
779 3391 850 3450 mihi
871 3401 901 3451 et
925 3391 963 3463 Q.
978 3392 1056 3450 fratri
1083 3410 1193 3469 magno
