2498 3840
150 201 194 264 sp.
211 185 268 270 η]
359 200 472 248 srrsr.
495 200 544 248 au
565 201 790 249 rammasse
810 202 835 249 r.
859 208 889 271 9.
1054 201 1093 270 77

148 366 215 407 rum
232 357 330 407 motus
348 358 391 407 est
413 349 504 408 lactus
526 369 592 409 cum
613 370 723 423 eorum,
738 369 862 427 quorum
883 351 1017 427 oportuit,
1031 361 1094 409 tum

148 447 263 504 illorum
278 447 374 518 etiam,
388 465 514 522 quorum
534 466 694 524 numquam
707 458 849 524 putaram.
894 468 920 523 9.
944 447 1023 505 Nam
1037 448 1094 506 hoc

148 554 269 603 senatus
292 545 424 602 consulto
448 546 477 602 in
501 564 598 603 meam
627 547 799 604 sententiam
827 546 903 603 lacto
926 545 1093 621 Pompeius,

149 659 219 700 cum
233 641 304 698 mihi
318 641 388 699 nihil
402 643 576 701 ostendisset
590 663 622 702 se
637 648 700 703 esse
714 644 870 714 offensum,
884 644 914 700 in
930 643 1094 701 Sardiniam

148 750 179 799 et
206 741 238 798 in
264 740 394 799 Africam
421 741 567 817 proiectus
596 753 639 801 est
667 761 762 819 eoque
789 743 889 800 itinere
917 742 1028 800 Lucam
1056 742 1094 798 ad

149 839 308 898 Caesarem
322 839 409 897 venit.
451 839 498 896 Ibi
516 840 606 898 multa
620 841 657 898 de
675 859 742 898 mea
761 841 903 898 sententia
917 850 1035 915 questus
1050 851 1095 898 est

148 935 269 1008 Caesar,
283 937 391 1012 quippe
406 936 455 1012 qui
470 937 557 993 etiam
572 937 729 996 Ravennae
745 937 883 996 Crassum
897 947 964 996 ante
977 937 1093 995 vidisset

148 1036 187 1093 ab
201 1053 297 1112 eoque
311 1035 341 1091 in
355 1052 403 1092 me
418 1044 493 1092 esset
506 1036 650 1094 incensus.
695 1036 771 1094 Sane
785 1036 905 1094 moleste
920 1035 1093 1109 Pompeium

147 1132 179 1190 id
207 1131 280 1190 lerre
304 1133 471 1201 constabat3
504 1133 583 1208 quod
607 1150 672 1207 ego,
699 1151 766 1190 cum
790 1133 935 1190 audissem
959 1150 996 1189 ex
1021 1131 1091 1201 aliis,

148 1231 278 1288 maxime
292 1248 328 1287 ex
347 1247 415 1286 meo
435 1228 519 1286 lratre
539 1231 672 1305 cognovi.
715 1229 813 1301 Quem
828 1247 895 1288 cum
915 1229 946 1286 in
962 1229 1093 1287 Sardinia

148 1327 308 1403 Pompeius
332 1327 434 1402 paucis
459 1337 525 1403 post
550 1328 658 1398 diebus,
688 1346 776 1403 quam
804 1328 886 1386 Luca
914 1328 1093 1397 discesserat,

149 1425 343 1495 convenisset,
358 1424 421 1482 ‘te'
436 1425 528 1500 inquit
549 1426 661 1500 ‘ipsum
682 1427 788 1500 cupio;
810 1425 880 1483 nihil
901 1425 1093 1501 opportunius

148 1523 243 1598 potuit
263 1522 409 1580 accidere:
430 1523 485 1580 nisi
506 1541 573 1581 curn
594 1523 697 1581 Marco
716 1523 801 1581 fratre
819 1524 969 1598 diligenter
990 1522 1092 1597 egeris,

149 1620 377 1697 dependendum
404 1621 454 1677 tibi
482 1630 533 1689 est,
556 1621 635 1696 quod
656 1621 728 1678 mihi
748 1639 802 1697 pro
822 1621 870 1678 illo
891 1619 1092 1695 spopondisti!

149 1718 231 1790 Quid
244 1717 355 1775 multa?
376 1728 493 1792 questus
508 1728 551 1775 est
570 1720 708 1794 graviter;
730 1737 783 1776 sua
799 1719 899 1776 merita
913 1734 1093 1775 commemo-

148 1817 220 1875 ravit
229 1835 237 1888 ;
260 1815 330 1890 quid
349 1816 454 1890 egisset
474 1816 642 1892 saepissime
657 1816 693 1874 de
713 1818 784 1875 actis
800 1816 932 1875 Caesaris
947 1834 1013 1873 cum
1028 1817 1093 1890 ipso

148 1932 217 1972 meo
232 1913 318 1971 lratre
332 1913 460 1989 quidque
475 1913 529 1970 sibi
543 1913 567 1972 is
582 1913 619 1971 de
632 1932 680 1971 me
695 1914 859 1988 recepisset,
874 1913 904 1969 in
922 1914 1094 1970 memoriam

148 2012 262 2086 redegit
276 2028 372 2085 seque,
387 2028 462 2085 quae
480 2011 516 2069 de
535 2029 602 2068 mea
621 2012 711 2069 salute
730 2012 844 2087 egisset,
859 2012 1004 2070 voluntate
1020 2011 1093 2070 Cae⁴

148 2111 221 2168 saris
236 2109 331 2184 egisse
346 2108 441 2183 ipsum
455 2126 553 2166 meum
573 2107 689 2165 fratrem
704 2117 824 2167 testatus
844 2118 906 2180 est;
929 2110 1010 2167 cuius
1025 2128 1093 2167 cau-

148 2226 212 2266 sam
228 2207 457 2282 dignitatemque
476 2207 547 2264 mihi
567 2216 597 2265 ut
616 2208 845 2277 commendaret,
861 2209 971 2283 rogavit
985 2218 1016 2266 ut
1028 2227 1094 2266 earn

149 2325 187 2364 ne
209 2324 421 2382 oppugnarem,
444 2306 467 2364 si
493 2306 600 2364 nollem
622 2316 671 2364 aut
695 2324 756 2363 non
780 2324 898 2383 possem
923 2308 1003 2366 tueri.
1048 2328 1093 2366 10.

149 2406 235 2464 Haec
256 2422 324 2463 cum
345 2405 382 2462 ad
403 2423 451 2462 me
471 2405 556 2462 frater
577 2406 739 2481 pertulisset
758 2415 786 2462 et
808 2424 874 2463 curn
895 2415 993 2464 tamen
1007 2406 1094 2464 Pom·

148 2505 232 2582 peius
252 2502 290 2560 ad
312 2520 360 2560 me
385 2521 452 2560 cum
472 2503 615 2560 mandatis
636 2503 794 2561 Vibullium
815 2504 947 2575 misisset,
969 2513 1001 2562 ut
1021 2507 1094 2564 inte-

148 2620 234 2678 grum
245 2600 317 2657 mihi
328 2600 364 2656 de
376 2618 462 2658 causa
472 2598 624 2676 Campana
637 2600 673 2658 ad
683 2619 767 2658 suum
778 2601 900 2658 reditum
910 2620 1092 2672 reservarem,

149 2700 254 2775 collegi
275 2699 338 2774 ipse
358 2717 405 2756 me
426 2708 454 2756 et
476 2716 542 2756 cum
561 2700 625 2776 ipsa
646 2700 728 2774 quasi
750 2717 781 2756 re
800 2700 916 2776 publica
934 2701 1094 2759 collocutus

150 2817 225 2869 sum,
240 2806 272 2855 ut
290 2797 360 2854 mihi
380 2807 439 2855 tam
458 2797 548 2854 multa
567 2815 620 2872 pro
642 2816 673 2856 se
688 2816 828 2873 perpesso
843 2809 928 2874 atque
941 2799 1094 2876 perfuncto

150 2896 335 2964 concederet,
363 2904 395 2952 ut
425 2895 553 2953 officium
581 2914 680 2952 meum
706 2914 927 2973 memoremque
958 2898 989 2954 in
1018 2897 1094 2956 bene

149 2996 270 3053 meritos
291 2995 421 3051 animum
446 2994 592 3068 fidemque
613 2994 706 3052 fratris
727 2995 784 3052 mei
808 3004 992 3070 praestarem,
1013 3014 1094 3054 eum·

149 3112 217 3169 que,
232 3110 322 3169 quem
339 3094 450 3150 bonurn
464 3093 555 3150 civem
571 3111 684 3168 semper
702 3092 857 3164 habuisset,
872 3094 984 3151 bonum
1002 3094 1094 3152 virum

151 3209 216 3250 esse
230 3199 384 3266 pateretur.
427 3189 462 3247 In
482 3190 536 3248 illis
554 3201 649 3268 autem
667 3192 741 3248 meis
756 3191 916 3249 actionibus
931 3193 1094 3250 sententiis-

150 3307 209 3365 que
244 3289 391 3357 omnibus,
423 3307 497 3363 quae
528 3288 701 3364 Pompeium
735 3289 903 3346 videbantur
937 3289 1093 3360 offendere,

152 3396 300 3446 certorum
320 3385 482 3458 hominum,
497 3404 572 3462 quos
592 3387 651 3444 iam
672 3387 761 3446 debes
783 3387 929 3464 suspicari,
944 3406 1094 3447 sermones
