2392 3848
114 184 155 246 86
384 197 423 248 nt.
449 199 567 249 ronan
589 198 778 247 cronnorrrs
941 184 1012 268 [aaa
1026 198 1058 249 11.

113 352 253 426 frangere,
269 349 322 408 nisi
343 368 410 408 cum
425 350 573 426 praesidiis
588 350 631 421 iis,
647 368 721 427 quae
737 367 853 426 semper
867 347 965 420 habui,
981 367 1059 407 nunc

113 448 199 504 etiam
222 448 384 521 potentium
408 447 639 506 benevolentiam
662 447 886 506 coniunxissem.
933 465 979 504 22.
1003 444 1059 504 His

114 562 170 618 ego
185 544 319 613 consiliis,
336 544 360 602 si
380 553 407 602 te
427 554 610 620 praesentem
629 543 804 614 habuissem,
818 552 851 600 ut
871 543 973 619 opinio
994 560 1060 601 mea

114 641 176 711 fert,
201 659 296 699 essem
324 659 394 700 usus
422 642 550 713 eisdem,
579 641 646 699 novi
674 641 754 698 enirn
781 641 1005 715 temperantiam
1033 649 1061 697 et

113 738 346 797 moderationem
374 751 493 796 naturae
523 749 597 808 tuae,
627 738 694 795 novi
727 738 856 795 animum
888 755 957 795 cum
989 736 1060 794 mihi

114 836 330 907 amicissimum,
346 846 407 894 tum
423 836 501 894 nulla
514 837 544 893 in
559 846 672 895 ceteros
689 836 888 894 malevolentia
908 835 1060 904 suffusum,

114 945 270 1010 contraque
285 953 351 993 cum
366 953 507 1008 magnum
522 945 551 993 et
565 934 719 1003 excelsum,
735 943 797 991 tum
816 933 904 991 etiam
924 942 1059 1008 apertum

114 1044 143 1092 et
164 1033 332 1108 simplicem.
375 1032 444 1090 Vidi
465 1050 521 1106 ego
542 1033 686 1108 quosdam
708 1032 737 1089 in
758 1041 786 1090 te
804 1031 885 1102 tales,
903 1032 1008 1107 quales
1029 1042 1060 1091 tu

115 1133 235 1189 eosdem
250 1131 279 1187 in
293 1149 340 1187 me
356 1130 450 1187 videre
466 1129 600 1204 potuisti:
624 1147 697 1205 quae
711 1148 759 1186 me
774 1137 935 1199 moverunt,
951 1129 1059 1186 movis-

117 1237 181 1286 sent
200 1228 303 1286 eadem
323 1237 351 1284 te
370 1226 508 1301 profecto.
553 1226 619 1296 Sed,
635 1244 819 1302 quocumque
837 1235 970 1301 tempore
989 1224 1061 1282 mihi

116 1335 244 1402 potestas
263 1324 423 1399 praesentis
444 1325 485 1381 tui
507 1323 597 1389 luerit,
612 1333 643 1381 tu
662 1325 718 1382 eris
739 1324 871 1382 omniurn
892 1323 1061 1381 moderator

116 1422 304 1481 consiliorum
323 1439 472 1492 meorum;
495 1422 546 1478 tibi
565 1421 617 1478 erit
636 1421 738 1492 eidem,
755 1421 801 1479 cui
820 1419 896 1478 salus
915 1438 984 1478 mea
998 1420 1058 1491 suit,

116 1520 203 1578 etiarn
218 1518 342 1592 dignitas
357 1536 451 1577 curae.
493 1517 544 1577 Me
560 1519 677 1594 quidem
690 1527 765 1576 certe
776 1528 889 1577 tuarum
901 1518 1059 1587 actionum,

118 1615 332 1685 sententiarum,
347 1612 534 1683 voluntatum,
549 1630 644 1669 rerum
660 1612 784 1688 denique
799 1613 931 1670 omnium
947 1613 1059 1670 socium

118 1714 312 1788 comitemque
329 1711 457 1780 habebis
470 1728 565 1786 neque
580 1710 649 1767 mihi
665 1711 694 1767 in
708 1711 789 1768 omni
804 1711 860 1768 vita
874 1729 920 1769 res
933 1720 993 1768 tam
1007 1711 1061 1769 erit

118 1814 175 1871 ulla
196 1811 353 1887 proposita,
371 1827 459 1884 quarn
481 1819 512 1866 ut
533 1809 661 1883 quotidie
682 1807 879 1867 vehementius
900 1818 927 1867 te
951 1808 988 1866 de
1012 1825 1060 1867 me

119 1912 228 1986 optime
249 1909 382 1966 meritum
405 1925 467 1965 esse
488 1906 601 1964 laetere.
646 1925 692 1980 23.
715 1905 805 1976 Quod
826 1923 922 1981 rogaS,
941 1916 974 1964 ut
995 1924 1062 1963 mea

118 2011 168 2067 tibi
188 2008 293 2082 scripta
312 2006 432 2075 mittam,
447 2022 521 2080 quae
536 2015 602 2080 post
617 2005 776 2062 discessum
792 2014 873 2062 tuum
888 2005 1060 2080 scripserim,

119 2116 186 2165 sunt
201 2104 346 2162 orationes
365 2103 518 2178 quaedam,
534 2121 606 2178 quas
626 2101 789 2159 Menocrito
809 2101 894 2172 dabo,
909 2120 1005 2177 neque
1023 2102 1062 2159 ita

117 2204 240 2273 multae3
260 2221 296 2258 ne
311 2202 508 2277 pertimescas,
551 2199 658 2274 Scripsi
673 2200 871 2256 etiam—nam
885 2216 932 2256 me
946 2199 1006 2256 iam
1023 2200 1061 2257 ab

118 2301 296 2360 orationibus
335 2299 455 2373 diiungo
493 2297 552 2356 lere
591 2296 743 2371 referoque
777 2295 815 2354 ad
849 2298 1060 2356 mansuetiores

117 2401 229 2470 Musas,
245 2417 318 2475 quae
339 2416 385 2456 me
405 2397 532 2454 maxime
552 2397 626 2454 sicut
644 2397 701 2454 iam
719 2415 736 2454 a
753 2396 846 2470 prima
867 2396 1062 2455 adulescentia

118 2496 439 2572 delectarunt—scripsi
468 2496 553 2571 igitur
583 2493 750 2553 Aristotelio
783 2511 874 2565 more,
902 2512 991 2569 quern
1024 2496 1061 2555 ad

117 2599 237 2658 modum
269 2595 387 2671 quidem
419 2593 505 2661 volui,
533 2603 591 2651 tres
618 2593 707 2650 libros
734 2588 776 2670 [in
805 2591 1000 2667 disputatione
1027 2612 1062 2653 ac

119 2691 247 2773 dialogo]
265 2694 318 2752 ‘de
340 2690 471 2763 oratore,'
486 2710 560 2768 quos
581 2692 701 2749 arbitror
719 2688 843 2747 Lentulo
858 2699 909 2748 tuo
924 2689 986 2748 sore
1000 2708 1062 2749 non

117 2795 248 2865 inutiles;
278 2792 433 2850 abhorrent
461 2790 539 2847 enim
568 2806 586 2845 a
613 2787 817 2845 communibus
845 2789 1007 2863 praeceptis
1033 2798 1063 2848 et

118 2909 239 2951 omnem
264 2890 450 2963 antiquorum
476 2896 504 2944 et
528 2884 723 2943 Aristoteliam
748 2894 776 2941 et
799 2884 969 2942 Isocratiam
996 2888 1062 2944 rati·

119 3007 207 3049 onem
230 2987 386 3045 oratoriam
407 2983 647 3057 complectuntur.
691 2980 797 3054 Scripsi
822 2981 909 3038 etiam
933 2984 1062 3041 versibus

119 3099 175 3147 tres
197 3088 286 3144 libros
307 3084 343 3143 de
364 3081 543 3157 temporibus
565 3079 645 3148 meis,
668 3095 742 3153 quos
764 3079 821 3135 iam
842 3079 955 3155 pridem
976 3081 1014 3138 ad
1034 3090 1063 3140 te

120 3185 273 3253 misissem,
289 3183 313 3240 si
327 3199 391 3239 esse
406 3178 536 3238 edendos
553 3185 721 3251 putassem;
744 3185 810 3232 sunt
831 3176 908 3234 enim
928 3186 1016 3236 testes
1034 3190 1063 3237 et

122 3292 205 3343 erunt
234 3279 400 3357 sempiterni
427 3277 595 3334 meritorum
623 3292 692 3349 erga
713 3291 761 3330 me
784 3283 899 3332 tuorum
924 3293 1063 3351 meaeque

122 3378 252 3460 pietatis;
277 3377 329 3438 sed
344 3369 437 3457 [quia]
449 3373 567 3434 verebar
581 3389 642 3430 non
658 3389 716 3434 eos.
729 3371 777 3443 qui
792 3389 824 3432 se
838 3370 933 3431 laesos
947 3374 1064 3434 arbitra-
