2392 3848
119 126 181 177 120
342 119 427 172 ssrr.
453 117 784 170 rurrrr‘crcanonrr
815 124 827 173 f
945 101 1053 194 [nau

117 292 173 351 ego
200 272 329 343 arbitror,
345 276 476 348 'propter
503 273 581 332 hanc
605 272 804 346 παλιγγενεσίαν
835 242 968 328 nostram
1000 286 1056 326 non

117 371 349 447 neglegendam:
379 389 437 446 qua
461 389 492 428 re
514 379 547 429 tu
569 387 695 445 quoque,
715 369 757 426 mi
780 367 889 438 Attice,
908 365 1005 444 incipe
1030 366 1059 425 id

117 486 233 547 cupere,
247 486 306 544 quo
322 486 376 526 nos
390 469 486 526 miuus
496 467 591 544 'inepti
605 467 764 525 videamur.

298 631 347 685 43.
390 625 447 686 Au
468 623 720 685 ranimirus
742 622 824 682 XIV.
847 635 875 698 5.

172 738 239 802 Scit.
260 742 392 799 Arrianis
413 760 439 798 A.
454 758 482 798 u.
496 757 551 810 xv.
573 738 650 796 Kar.
673 737 810 798 Novana.
831 755 916 798 nuc.
940 750 956 815 7
981 757 1011 812 4.

333 863 457 905 ruimus
477 863 500 904 s.
521 863 549 906 n.
570 862 738 904 rrnrnrurr
757 861 841 903 suar.

161 979 186 1020 1.
209 960 292 1018 Situ
313 971 341 1018 et
360 959 465 1029 Tullia,
486 958 535 1016 lux
556 967 663 1028 nostra,
678 956 787 1028 valetis,
808 975 865 1034 ego
880 968 909 1017 et
930 959 1063 1020 suavissi-

116 1077 183 1118 mus
206 1057 310 1117 Cicero
334 1056 470 1114 valemus.
513 1054 560 1112 Pr.
583 1053 653 1112 Idus
678 1051 745 1112 Oct.
766 1053 899 1114 Athenas
924 1059 1062 1128 venimus,

90 1155 92 1162 '
117 1175 184 1214 cum
200 1172 270 1212 sane
285 1153 411 1212 adversis
430 1152 523 1210 ventis
537 1152 583 1209 usi
602 1168 733 1209 essemus
755 1150 894 1227 tardeque
908 1162 938 1211 et
952 1154 1062 1211 incom-

117 1252 206 1310 mode
220 1251 447 1325 navigassemus.
488 1248 535 1306 De
555 1266 628 1306 nave
647 1250 819 1306 exeuntibus
838 1251 925 1308 nobis
938 1251 1062 1308 Acastus

118 1367 186 1409 curn
220 1347 320 1405 litteris
348 1356 464 1423 praesto
496 1346 549 1403 suit
575 1362 637 1404 uno
665 1356 695 1404 et
721 1346 881 1405 vicensimo
908 1347 965 1419 die,
993 1366 1063 1407 sane

118 1456 242 1505 strenue.
283 1443 395 1519 Accepi
415 1453 479 1500 tuas
500 1443 614 1513 litteras,
636 1444 741 1518 quibus
768 1444 893 1502 intellexi
917 1455 947 1504 te
975 1450 1062 1506 vereri

117 1563 155 1603 ne
184 1541 346 1619 superiores
374 1541 444 1597 mihi
473 1541 602 1599 redditae
631 1559 692 1599 non
716 1551 831 1601 essent:
864 1559 970 1602 omnes
998 1553 1062 1602 sunt

117 1640 246 1701 redditae
268 1638 544 1714 diligentissimeque
569 1657 588 1696 a
609 1649 637 1696 te
665 1639 824 1717 perscripta
849 1652 916 1697 sunt
943 1644 1060 1714 omnia3

117 1742 204 1816 idque
218 1736 288 1794 mihi
303 1736 498 1811 gratissimum
513 1735 574 1794 luit.
615 1734 721 1811 Neque
736 1753 801 1794 sum
814 1736 974 1813 admiratus
988 1740 1061 1800 hanc

117 1836 279 1913 epistolam,
294 1851 383 1908 quam
397 1832 521 1891 Acastus
536 1832 636 1903 attulit,
652 1833 768 1890 brevem
781 1832 889 1905 fuisse3
912 1835 972 1894 iam
986 1839 1061 1896 enim

117 1953 165 1991 me
186 1933 283 2006 ipsum
304 1939 456 2006 exspectas
478 1931 536 1988 sive
564 1948 619 1988 nos
647 1931 735 2005 ipsos
758 1931 808 2005 qui
832 1932 951 2006 quidem
976 1953 1060 2011 quam

117 2033 243 2109 primum
262 2027 299 2085 ad
318 2046 371 2086 vos
390 2030 486 2086 venire
501 2029 643 2104 cupimus,
658 2028 720 2098 etsi,
734 2027 764 2085 in
785 2045 874 2102 quam
889 2047 952 2088 rem
971 2033 1062 2108 publi·-

118 2146 183 2186 cam
211 2127 367 2197 veniamus
397 2125 552 2201 intellego:
586 2126 725 2200 cognovi'
739 2125 818 2182 enim
845 2144 883 2183 ex
906 2128 1061 2188 multorum

117 2226 276 2285 amicorum
304 2223 410 2294 litteris,
440 2240 512 2300 quas
540 2224 633 2281 attulit
662 2223 797 2291 Acastus,
826 2223 864 2281 ad
892 2241 975 2284 arma
1002 2244 1061 2285 rem

117 2333 256 2400 spectare,
279 2331 310 2378 ut
337 2320 415 2392 mihi,
442 2340 508 2379 cum
534 2339 651 2393 venem,
679 2319 859 2378 dissimulare
882 2338 944 2379 non
971 2322 1060 2397 liceat,

117 2419 187 2498 quid
209 2419 340 2477 sentiam.
383 2418 450 2490 Sed,
472 2419 612 2495 quoniam
634 2417 786 2476 subeunda
806 2417 923 2477 fortuna
950 2430 1004 2492 est,
1027 2403 1061 2481 eo

118 2520 199 2578 citius
214 2516 347 2574 dabimus
364 2533 492 2591 operam,
507 2527 539 2574 ut
557 2516 716 2586 veniamus,
732 2533 791 2591 quo
813 2514 924 2574 facilius
945 2517 983 2576 de
1004 2530 1061 2578 tota

117 2637 149 2678 re
174 2614 373 2673 deliberemus.
415 2614 464 2672 Tu
488 2614 581 2684 velim,
604 2615 684 2689 quod
708 2611 867 2672 commodo
894 2613 1061 2674 valetudinis

118 2729 184 2778 tuae
198 2713 256 2782 fiat,
271 2728 359 2786 quarn
378 2711 547 2786 longissime
571 2712 680 2788 poteris
698 2711 814 2769 obviam
828 2709 914 2768 nobis
928 2713 1059 2787 prodeas.

120 2834 147 2874 a.
168 2811 215 2869 De
242 2808 398 2868 hereditate
426 2809 574 2881 Preciana,
602 2827 677 2886 quae
705 2809 824 2885 quidem
856 2806 927 2865 mihi
954 2828 1061 2886 magno

118 2910 211 2971 dolori
239 2907 406 2966 est-valde
434 2907 513 2964 enim
540 2906 621 2965 illum
648 2906 791 2975 amari—,
816 2904 868 2962 sed
895 2904 954 2963 hoc
977 2908 1061 2965 velim

119 3025 220 3071 cures:
242 3005 266 3063 si
281 3004 376 3062 auctio
392 3014 457 3062 ante
477 3022 576 3062 meum
591 3005 748 3062 adventum
765 3002 822 3072 fiet,
836 3011 868 3059 ut
881 3000 1061 3078 Pomponius

118 3117 176 3178 aut,
191 3105 215 3162 si
229 3105 253 3162 is
267 3103 363 3160 minus
378 3102 490 3178 poterit,
506 3100 645 3159 Camillus
664 3111 796 3158 nostrum
810 3099 960 3175 negotium
974 3113 1060 3160 curet.

118 3205 183 3264 Nos
198 3220 265 3261 cum
280 3201 349 3258 salvi
363 3200 534 3270 venerimus
548 3198 657 3275 reliqua
671 3216 723 3274 per
736 3215 793 3256 nos
808 3214 948 3273 agemus;
969 3198 1015 3255 sin
1031 3209 1061 3256 tu

118 3306 175 3363 iam
196 3299 293 3358 Roma
313 3297 441 3376 profecta
464 3298 528 3369 eris,
550 3306 648 3355 tamen
669 3294 790 3366 curabis,
813 3305 844 3354 ut
866 3294 924 3354 hoc
944 3295 984 3354 ita
1004 3295 1061 3355 fiat.
