2498 3840
149 219 195 280 ap.
214 203 267 292 ra]
338 217 451 268 aaron
474 216 523 265 ao
543 207 766 266 rimaran-ns
786 219 861 268 xrv.
884 221 914 270 2.
1051 219 1092 284 47

149 382 229 433 certe
243 373 282 432 ad
297 375 415 432 exitium
432 376 669 451 praecipitantem
690 375 865 443 retinuisses,
879 374 951 431 istos
971 373 1094 440 labores,

151 488 228 546 quos
241 490 322 530 nunc
336 473 366 530 in
380 473 535 548 naufragiis
550 473 656 531 nostris
671 473 803 548 suscipis,
814 489 875 529 non
891 472 1028 529 subisses.
1067 474 1095 528 8.

151 566 222 638 Qua
234 587 266 626 re
280 569 327 627 fac
340 579 371 627 ut
392 571 491 628 omnia
512 570 549 627 ad
569 588 617 628 me
638 580 792 645 perspecta
812 578 841 627 et
862 568 1011 644 explorata
1031 585 1096 643 per-

151 666 272 737 scribas,
286 683 401 743 meque,
415 676 447 724 ut
463 667 544 739 facis,
559 669 628 725 velis
649 686 713 726 esse
734 666 868 743 aliquem,
883 665 1031 742 quoniam,
1046 665 1096 741 qui

151 762 193 820 fui
215 774 243 821 et
266 763 316 840 qui
340 782 405 822 esse
429 765 518 840 potui,
544 766 603 822 iam
625 782 771 823 essenon
793 782 922 840 possum,
944 773 973 821 et
996 772 1028 820 ut
1051 762 1096 819 his

150 860 252 919 litteris
266 878 328 918 non
342 871 379 932 te,
394 862 446 921 sed
460 881 507 921 me
522 864 617 938 ipsum
631 881 649 920 a
662 882 710 921 me
729 881 793 921 esse
812 871 981 920 accusatum
1002 870 1095 936 putes.

153 958 184 1017 Si
199 959 249 1035 qui
264 970 356 1029 erunt,
371 959 476 1036 quibus
490 972 574 1036 putes
595 979 670 1036 opus
691 978 756 1018 esse
774 976 842 1016 mco
856 958 976 1015 nomine
989 956 1096 1013 litteras

152 1056 224 1129 dari,
239 1057 325 1116 velim
339 1059 506 1118 conscribas
527 1077 667 1136 curesque
686 1058 807 1116 dandas.
848 1055 925 1114 Data
942 1075 1012 1116 xnn.
1027 1054 1094 1113 Kal.

153 1153 235 1230 sept,
928 1147 936 1201 l
955 1136 978 1198 ⁰!
996 1127 1118 1327 ίῖμῧ

341 1302 387 1356 1⁷.
429 1298 485 1357 Ar>
506 1297 758 1356 rnrrrnmnns
780 1297 864 1355 xiv.
888 1315 914 1356 2.
935 1311 974 1375 g·
991 1244 1068 1348 titel
1120 1378 1131 1390 .

204 1402 271 1461 Scn.
295 1404 536 1463 Tuossnnourcnn
557 1423 614 1462 nn.
636 1423 676 1462 nr.
692 1403 769 1463 Nou.
791 1402 863 1466 Ocr.
880 1421 962 1462 nuc.
980 1404 1048 1476 696.
1103 1385 1121 1445 ὅ
1168 1403 1174 1414 “

152 1527 281 1568 ruamus
301 1527 323 1567 s
339 1528 366 1567 n.
382 1528 547 1569 annaurim
567 1528 606 1567 nr
626 1528 794 1569 runrromrr
814 1527 853 1566 nr
874 1527 1007 1567 crcrnour
1027 1525 1097 1567 suis.

199 1642 223 1680 1.
245 1622 327 1682 Nou
348 1634 448 1698 putare
468 1643 516 1682 me
536 1625 573 1682 ad
593 1641 771 1700 quemquam
793 1623 939 1697 longiores
960 1621 1098 1697 epistolas

153 1721 289 1791 scribere,
301 1722 356 1780 nisi
371 1722 395 1778 si
409 1722 474 1797 quis
489 1722 526 1779 ad
540 1740 587 1779 me
602 1721 684 1797 plura
699 1720 820 1795 scripsit,
832 1720 878 1776 cui
893 1730 964 1794 puto
979 1719 1097 1776 rescribi

153 1830 292 1893 oportere
298 1837 307 1888 ;
331 1837 387 1877 nec
408 1820 486 1876 enim
507 1819 601 1876 habeo
617 1818 696 1894 quod
717 1818 849 1885 scribam,
871 1834 926 1874 nee
947 1815 1003 1873 hoc
1025 1826 1097 1872 tem-

153 1934 227 1992 pore
242 1916 399 1992 quicquam
414 1916 554 1974 difficilius
569 1915 653 1976 facio.
684 1915 733 1972 Ad
747 1924 775 1971 te
790 1932 858 1972 vero
873 1922 902 1971 et
917 1914 954 1971 ad
968 1923 1097 1970 nostram

154 2013 315 2071 Tulliolam
329 2030 390 2071 non
411 2030 487 2090 queo
509 2015 571 2072 sine
593 2013 722 2088 plurimis
737 2012 861 2070 lacrimis
881 2010 1005 2068 scribere
1015 2029 1023 2082 ;
1046 2027 1098 2067 vos

153 2111 234 2168 enim
248 2110 334 2168 video
349 2129 412 2168 esse
427 2111 609 2178 miserrimas,
624 2129 697 2186 quas
716 2127 772 2183 ego
787 2108 968 2165 beatissimas
983 2125 1099 2182 semper

154 2228 221 2266 esse
248 2209 327 2266 volui
355 2208 441 2284 idque
469 2220 614 2284 praestare
644 2209 740 2278 debui,
770 2217 806 2278 et,
835 2207 890 2263 nisi
917 2216 977 2264 tam
1005 2207 1098 2264 timidi

155 2308 321 2376 fuissemus,
349 2306 563 2380 praestitissem.
617 2324 644 2363 a.
667 2304 805 2362 Pisonem
832 2315 963 2362 nostrum
994 2304 1098 2361 merito

155 2409 219 2463 eius
233 2421 301 2462 amo
315 2403 488 2478 plurimum:
510 2421 586 2472 eum,
600 2413 632 2459 ut
646 2403 736 2477 potui,
747 2420 798 2476 per
812 2401 919 2458 litteras
934 2400 1098 2460 cohortatus

155 2520 222 2561 sum
236 2501 402 2576 gratiasque
416 2501 471 2575 egi,
486 2510 518 2558 ut
532 2500 626 2558 debui.
669 2499 705 2556 In
719 2499 801 2556 novis
819 2498 941 2555 tribunis
963 2497 1001 2573 pl.
1016 2498 1098 2555 intel·

156 2598 224 2672 lego
239 2614 323 2672 spem
337 2607 365 2654 te
379 2596 503 2654 habere:
517 2596 555 2654 td
569 2597 622 2654 erit
643 2597 766 2665 firmum,
782 2597 806 2653 si
820 2595 952 2670 Pompeii
966 2595 1099 2653 voluntas

156 2697 218 2764 erit,
240 2693 293 2752 sed
318 2692 457 2751 Crassum
481 2703 580 2752 tamen
604 2703 713 2751 metuo.
754 2695 782 2750 A
806 2703 835 2751 te
860 2693 978 2768 quidem
1001 2694 1100 2749 omnia

156 2794 219 2850 fieri
246 2792 404 2850 fortissime
431 2802 459 2849 et
487 2792 684 2850 amantissime
712 2792 806 2863 video,
835 2810 889 2848 nec
923 2793 1019 2860 miror,
1049 2793 1100 2848 sed

157 2907 276 2949 maereo
301 2907 402 2947 casum
427 2890 488 2947 eius
512 2889 601 2959 modi,
624 2900 655 2946 ut
675 2891 761 2946 tantis
786 2888 841 2946 tuis
869 2888 990 2945 miseriis
1018 2906 1101 2946 meae

157 2988 291 3045 miseriae
320 2986 523 3044 subleventur:
553 3005 622 3043 nam
651 2986 689 3043 ad
712 3004 760 3043 me
789 2985 819 3043 P.
842 2985 983 3055 Valerius,
1011 2985 1101 3046 homo

157 3085 316 3153 officiosus,
337 3084 456 3159 scripsit,
477 3085 506 3142 id
527 3085 608 3159 quod
628 3102 685 3159 ego
706 3085 835 3141 maximo
851 3101 918 3141 cum
941 3083 1010 3141 fletu
1034 3083 1101 3160 legi,

158 3181 306 3260 quemad
330 3182 451 3239 modum
474 3182 612 3239 aVestae
637 3183 675 3239 ad
699 3183 827 3239 tabulam
846 3181 992 3240 Valeriam
1015 3184 1103 3242 ducta

157 3299 246 3341 esses.
289 3278 379 3349 Hem,
400 3296 466 3336 mea
487 3279 543 3349 lux,
565 3297 665 3336 meum
694 3279 875 3348 desiderium,
897 3279 974 3336 unde
998 3298 1102 3339 omnes

158 3396 246 3457 opem
281 3388 379 3458 petere
415 3376 563 3435 solebant!
605 3386 633 3435 te
668 3395 755 3449 nunc,
784 3394 850 3434 mea
877 3377 1025 3450 Terentia,
1061 3380 1102 3438 sic
