2392 3848
126 170 186 234 168
352 215 356 225 .
395 180 434 229 m
459 178 796 229 connumerationis
937 166 1047 251 [amru.

120 333 157 391 de
180 342 240 391 tota
265 330 451 390 contentione
475 329 506 386 in
529 329 689 406 Hispaniis,
712 330 768 388 nisi
792 329 868 389 forte
892 329 928 389 iis
946 328 1050 389 amissis

122 449 202 488 arma
216 428 388 503 Pompeium
402 427 583 485 abiecturum
596 439 689 503 putas,
704 428 786 486 cuius
803 445 894 486 omne
913 427 1052 486 consilium

121 525 371 586 Themistocleum
399 536 459 595 est;
490 525 634 584 existimat
667 526 754 596 enim,
783 525 834 602 qui
861 543 944 584 mare
971 534 1053 583 teneat

120 643 188 683 eum
203 641 323 682 necesse
337 642 391 680 esse
404 641 500 681 rerum
514 623 608 698 potiri.
650 622 752 699 Itaque
765 638 930 699 numquam
949 623 979 681 id
996 624 1053 698 egit,

120 733 152 780 ut
180 720 341 797 Hispaniae
369 739 422 796 per
449 739 481 779 se
506 729 689 791 tenerentur;
719 721 829 778 navalis
854 731 1010 796 apparatus
1033 720 1056 778 ei

120 837 236 894 semper
249 818 451 893 antiquissima
465 835 534 875 cura
547 816 608 875 suit.
651 817 807 893 Navigabit
820 818 916 893 igitur,
932 837 1000 877 cum
1012 819 1057 876 erit

119 927 243 991 tempus,
258 917 392 973 maximis
412 915 552 972 classibus
574 924 603 973 et
622 914 660 972 ad
674 915 787 973 Italiam
810 916 940 986 accedet,
958 917 989 974 in
1007 934 1058 992 qua

120 1033 174 1073 nos
197 1014 332 1072 sedentes
353 1014 424 1087 quid
445 1013 572 1071 erimus?
600 1030 669 1070 nam
692 1013 808 1072 medios
830 1031 896 1072 esse
921 1014 981 1072 iam
1004 1030 1059 1072 non

119 1112 224 1171 licebit.
276 1106 450 1189 [Classibus]
482 1110 697 1168 adversabimur
723 1111 832 1187 igitur?
862 1112 945 1187 quod
973 1113 1061 1170 maius

119 1209 214 1269 scelus
241 1208 285 1265 vel
314 1217 426 1265 tantum
455 1206 600 1282 denique?
633 1209 703 1283 quid
731 1208 864 1284 turpius?
906 1210 958 1267 An
985 1207 1059 1285 qui†

120 1308 201 1365 valde
230 1305 276 1364 hic
303 1306 333 1362 in
362 1307 497 1363 absentes
526 1306 604 1363 solus
631 1306 682 1362 tuli
710 1306 813 1378 scelus,
838 1307 973 1366 eiusdem
998 1323 1060 1365 cum

118 1404 261 1479 Pompeio
290 1412 318 1460 et
345 1420 413 1459 cum
441 1402 556 1477 reliquis
583 1404 761 1479 principibus
789 1421 851 1462 non
878 1404 995 1463 seram?
1035 1417 1060 1477 5.

119 1502 209 1573 Quod
229 1501 329 1559 silam
345 1501 436 1558 misso
458 1500 554 1559 officio
573 1501 691 1576 periculi
709 1502 783 1561 ratio
802 1501 940 1561 habenda
960 1513 1012 1572 est,
1026 1502 1060 1560 ab

118 1601 172 1659 illis
187 1611 231 1657 est
246 1597 413 1674 periculum,
430 1598 453 1654 si
474 1616 606 1673 peccam,
622 1599 659 1655 ab
673 1598 739 1670 hoe,
755 1599 778 1657 si
796 1609 872 1658 recte
887 1599 995 1668 fecero,
1009 1617 1060 1658 nec

118 1698 207 1756 ullum
232 1697 262 1753 in
284 1695 329 1752 his
354 1695 437 1752 malis
463 1695 615 1752 consilium
639 1697 768 1771 periculo
793 1715 918 1755 vacuum
942 1697 1060 1755 inveniri

119 1805 223 1871 potest,
238 1803 345 1852 utnon
360 1793 395 1850 sit
410 1792 530 1850 dubium
544 1793 615 1869 quin
631 1790 763 1872 [turpiter
777 1789 886 1872 facere]
903 1812 972 1852 curn
990 1795 1060 1871 peri·

121 1893 185 1951 culo
202 1892 356 1966 fugiamus,
371 1889 451 1965 quod
470 1889 635 1964 lugeremus
654 1892 740 1948 etiam
762 1909 830 1949 cum
849 1891 950 1950 salute.
993 1891 1060 1950 Non

120 1990 204 2048 simul
222 2008 288 2047 cum
309 1988 450 2062 Pompeio
470 2005 550 2045 mare
570 1988 741 2046 transiimus.
784 1988 916 2047 Omnino
935 2009 991 2047 non
1011 2008 1060 2066 po·

117 2089 243 2145 ruimus:
280 2094 373 2143 exstat
407 2084 480 2141 ratio
515 2084 634 2142 dierum.
688 2083 745 2142 Sed
780 2085 1062 2145 tamen—fateamur

117 2186 195 2243 enim
218 2182 297 2258 quod
319 2193 440 2240 est—ne
463 2180 667 2239 contendimus
692 2182 819 2256 quidem,
844 2192 875 2240 ut
896 2201 1062 2258 possemus

116 2281 228 2340 Felellit
249 2299 284 2338 ea
303 2298 351 2337 me
369 2296 424 2348 res
440 2297 516 2354 quae
536 2278 658 2336 fortasse
677 2297 736 2337 non
754 2279 862 2350 debuit,
876 2281 930 2339 sed
944 2281 1059 2341 fefellit:

116 2396 221 2455 pacem
241 2378 339 2453 putavi
358 2376 428 2446 lore,
449 2394 524 2451 quae
542 2377 565 2434 si
585 2386 669 2444 esset,
689 2377 792 2434 iratum
814 2377 885 2435 mihi
904 2377 1060 2438 Caesarem

116 2494 188 2545 esse,
207 2493 274 2531 cum
294 2474 370 2530 idem
390 2474 502 2530 amicus
524 2483 599 2530 esset
618 2472 772 2548 Pompeio,
792 2473 890 2547 nolui,
912 2494 1059 2536 senseram

116 2574 203 2643 enim,
216 2590 303 2647 quam
318 2572 404 2628 iidem
420 2581 524 2629 essent.
566 2570 635 2628 Hoc
650 2590 751 2629 verens
765 2572 795 2628 in
807 2572 882 2631 hanc
896 2575 1059 2633 tarditatem

116 2672 211 2733 incidi.
263 2669 321 2727 Sed
350 2685 489 2742 assequor
516 2669 623 2738 omnia,
653 2669 676 2726 si
704 2687 848 2744 proper0;
878 2670 903 2729 si
931 2683 1060 2744 cunctor,

115 2771 225 2828 amitto.
269 2769 295 2824 6.
317 2766 356 2824 Et
370 2775 476 2834 tamen,
488 2767 528 2822 mi
540 2766 645 2836 Attice,
658 2768 778 2841 auguria
792 2785 910 2843 quoque
925 2787 975 2827 me
989 2771 1060 2829 inci-

115 2879 178 2928 tant
197 2866 323 2942 quadam
344 2880 395 2938 spe
415 2880 474 2919 non
495 2863 588 2933 dubia,
604 2880 665 2919 non
686 2862 758 2920 haec
778 2864 893 2939 collegii
912 2869 1005 2925 nostri
1024 2870 1061 2926 ab

115 2967 195 3032 Atto,
221 2962 272 3021 sed
298 2961 344 3018 illa
369 2959 497 3017 Platonis
526 2960 562 3016 de
586 2960 731 3033 tyrannis:
758 2961 837 3018 nullo
862 2964 941 3019 enirn
969 2966 1062 3025 modo

115 3079 204 3138 posse
225 3061 310 3117 video
331 3068 404 3116 stare
426 3056 512 3113 istum
534 3055 646 3122 diutius,
669 3057 739 3129 quin
762 3058 823 3131 ipse
845 3077 898 3134 per
919 3078 951 3119 se
973 3063 1061 3121 etiam

116 3158 319 3232 languentibus
334 3155 419 3213 nobis
438 3153 582 3221 concidat,
597 3152 704 3226 quippe
720 3154 768 3226 qui
783 3153 1007 3217 florentissimus
1027 3179 1060 3218 ac

117 3272 210 3312 novus
224 3273 261 3310 vr.
277 3271 326 3311 vm
343 3253 444 3309 diebus
459 3250 513 3324 ipsi
528 3248 566 3305 illi
580 3249 676 3321 egenti
691 3266 725 3304 ac
740 3251 867 3322 perditae
883 3256 1060 3316 multitudini

117 3355 148 3415 in
162 3350 262 3409 odium
276 3348 492 3408 acerbissimum
504 3344 619 3412 venerit,
631 3344 680 3419 qui
695 3344 816 3403 duarum
830 3366 928 3408 rerum
943 3353 1061 3414 simula,
