2392 3848
123 216 167 283 m
181 198 242 289 ea]
344 214 457 268 aaran
479 214 715 266 anarrinon
737 216 767 266 r.
791 220 842 268 21.
1007 214 1066 281 107

121 366 154 427 in
177 376 309 427 mentem
333 367 562 428 faeneratoribus
585 367 655 427 nihil
679 386 712 427 se
736 368 832 426 iuvare
855 364 924 424 illud
951 373 1069 424 senatus

121 465 300 534 consultum,
321 464 401 540 quod
422 483 459 523 ex
481 464 646 540 syngrapha
666 465 710 523 ius
732 465 788 522 dici
808 464 854 521 lex
876 462 1002 522 Gabinia
1021 480 1069 520 ve·

122 571 208 621 taret
249 560 329 618 Tum
350 561 382 618 fit
402 571 520 619 senatus
540 561 713 632 consultum,
727 578 766 618 vr
786 578 824 618 ux
842 577 881 617 ra
901 576 1070 617 studuerim

121 659 141 697 ³
157 658 176 696 *
193 658 212 696 *
237 668 313 718 esset
340 676 428 735 quam
452 669 573 728 ceterae,
599 658 651 716 sed
678 668 711 716 ut
737 658 851 716 eodem.
894 655 970 715 Cum
997 656 1069 713 haec

124 756 338 826 disseruissem,
362 756 472 814 seducit
495 774 543 815 me
568 756 720 832 Scaptius;
750 756 790 813 ait
817 773 849 812 se
874 754 944 811 nihil
969 761 1070 810 contra

122 853 234 925 dicere,
248 853 301 912 sed
318 853 382 912 illos
403 864 505 929 putare
523 855 632 911 talenta
650 873 692 914 cc.
707 872 738 912 se
757 853 863 911 debere
872 870 880 922 3
903 870 937 909 ea
952 868 983 908 se
997 848 1070 907 velle

121 951 267 1027 accipere,
284 950 390 1009 debere
411 960 508 1008 autem
529 951 593 1009 illos
614 951 701 1026 paulo
722 952 836 1021 minus3
859 957 948 1024 rogat,
966 957 998 1004 ut
1018 963 1069 1004 eos

121 1048 165 1109 ad
178 1048 305 1108 ducenta
317 1048 483 1124 perducam.
524 1047 674 1124 ‘Optime'
689 1049 818 1124 inquam.
854 1046 939 1104 Voco
954 1045 1018 1102 illos
1032 1043 1070 1101 ad

122 1163 183 1217 me,
197 1155 311 1204 remoto
332 1143 458 1220 Scaptio.
501 1145 598 1216 ‘Quid
612 1147 686 1204 vos?
703 1144 855 1221 quantum'
868 1145 987 1220 inquam
1002 1142 1070 1199 ‘de-

121 1244 202 1303 betis
211 1242 235 1301 l'
270 1241 463 1319 Respondent
478 1243 558 1302 ‘cvr’
595 1243 702 1301 Refero
718 1243 755 1300 ad
770 1242 926 1317 Scaptium.
967 1238 1071 1297 Homo

122 1341 260 1399 clamare.
312 1338 409 1410 ‘Quid
436 1357 512 1415 opus
541 1339 596 1398 est’
621 1341 739 1415 inquam
763 1345 867 1415 ‘quam
890 1344 922 1396 ut
943 1338 1070 1397 rationes

123 1434 315 1499 conferatisi'
358 1435 514 1508 Adsidunt,
538 1438 704 1496 subducunt
711 1457 719 1509 ;
754 1439 794 1495 ad
818 1455 971 1496 nummum
999 1453 1070 1494 con-

122 1537 213 1597 venit.
265 1534 310 1593 Illi
345 1552 377 1593 se
410 1553 564 1594 numerare
598 1536 678 1607 velle,
709 1553 821 1612 urgere,
853 1545 884 1593 ut
919 1535 1070 1609 acciperet.

125 1632 263 1710 Scaptius
276 1651 324 1691 me
343 1650 440 1692 rursus
461 1633 581 1703 seducit,
595 1642 688 1708 rogat,
701 1642 734 1690 ut
754 1651 815 1690 rem
838 1633 880 1690 sic
900 1632 1069 1707 relinquam.

124 1730 206 1791 Dedi
219 1732 333 1789 veniam
347 1730 458 1788 homini
472 1730 655 1805 inpudenter
668 1731 794 1805 petenti3
814 1728 934 1788 Graecis
949 1747 1070 1804 queren-

124 1830 214 1900 tibus,
228 1839 261 1887 ut
279 1829 309 1885 in
328 1827 398 1885 fano
418 1826 598 1903 deponerent
618 1827 839 1905 postulantibus
854 1845 915 1885 non
930 1826 1070 1885 concessi.

125 1924 264 1985 Clamare
289 1941 393 1982 omnes
414 1925 464 1999 qui
485 1925 613 1995 aderant,
633 1923 704 1982 nihil
726 1923 922 1999 impudentius
945 1923 1071 1998 Scapti0,

124 2024 179 2101 qui
207 2022 371 2082 centesimis
400 2039 467 2079 cum
498 2022 678 2080 anatocismo
706 2031 859 2079 contentus
890 2038 951 2078 non
978 2029 1070 2090 esset;

125 2121 184 2193 alii,
207 2119 276 2177 nihil
300 2119 422 2178 stultius.
464 2116 538 2175 Mihi
562 2129 659 2175 autem
684 2119 838 2194 impudens
865 2118 959 2193 magis
983 2135 1073 2192 quam

125 2218 233 2280 stultus
246 2216 412 2275 videbatur:
434 2234 504 2273 nam
525 2226 574 2274 aut
592 2217 672 2274 bono
689 2217 809 2274 nomine
823 2216 989 2274 centesimis
1004 2233 1073 2273 con-

125 2326 226 2377 tentus
240 2323 302 2375 erat
319 2325 368 2373 aut
386 2332 446 2372 non
465 2315 545 2372 bono
564 2325 718 2388 quaternas
738 2314 910 2372 centesimas
930 2314 1072 2388 sperabat.

129 2432 177 2487 13.
201 2413 304 2472 Habes
327 2430 425 2470 meam
446 2428 571 2481 causam,
593 2429 668 2486 quae
690 2410 713 2468 si
735 2411 825 2468 Bruto
846 2428 907 2468 non
927 2411 1072 2486 probatur,

126 2511 240 2580 nescio,
262 2528 313 2569 cur
332 2510 412 2567 illum
433 2527 573 2579 amemus,
593 2509 644 2566 sed
665 2508 806 2566 avunculo
827 2509 888 2566 eius
909 2518 985 2566 certe
1006 2525 1073 2583 pro-

126 2608 253 2679 babitur,
266 2608 434 2684 praesertim
452 2626 518 2666 cum
538 2618 654 2664 senatus
675 2604 840 2663 consultum
860 2605 950 2662 modo
965 2604 1072 2662 factum

126 2708 174 2778 sit,
190 2714 269 2782 puto,
284 2717 440 2781 postquam
461 2715 493 2763 tu
513 2723 544 2763 es
562 2703 717 2780 profectus,
732 2704 763 2759 in
781 2702 955 2760 creditorum
977 2720 1071 2772 causa,

126 2812 163 2863 ut
187 2804 362 2862 centesimae
386 2812 526 2879 perpetuo
555 2801 672 2859 faenore
701 2800 889 2858 ducerentur:
921 2799 977 2857 hoc
1002 2800 1073 2874 quid

127 2903 249 2973 intersit,
277 2902 301 2958 si
330 2911 395 2959 tuos
423 2902 529 2976 digitos
557 2899 633 2968 novi,
663 2907 739 2954 certe
768 2897 857 2954 habes
890 2896 1071 2955 subductum.

127 2998 166 3057 In
187 3016 246 3074 quo
266 2998 392 3073 quidem,
411 3001 471 3053 ὀδοῦ
492 3000 626 3070 πάρεργον,
649 2993 686 3052 L.
708 2993 849 3052 Lucceius
874 2992 916 3050 Μ.
938 2992 956 3052 f.
979 2996 1073 3068 queri-

127 3106 175 3155 tur
199 3095 279 3171 apud
302 3114 351 3153 me
376 3114 428 3173 per
449 3095 556 3152 litteras
585 3110 731 3151 summum
756 3109 819 3150 esse
845 3090 1012 3166 periculum,
1035 3111 1074 3150 ne

127 3193 217 3270 culpa
244 3202 361 3251 senatus
382 3193 427 3251 his
454 3192 576 3250 decretis
609 3208 655 3248 res
684 3190 721 3247 ad
749 3187 860 3245 tabulas
888 3205 978 3245 novas
1010 3206 1074 3264 per·

128 3291 241 3362 veniat;
261 3299 480 3360 commemorat,
492 3288 561 3364 quid
576 3287 645 3344 olim
659 3286 727 3343 mali
742 3284 775 3342 C.
787 3285 876 3342 Iulius
890 3284 995 3354 lecerit,
1008 3303 1074 3343 cum

128 3386 272 3447 dieculam
293 3387 406 3446 duxerit
413 3405 422 3459 ;
445 3404 605 3462 numquam
626 3386 667 3442 rei
687 3384 819 3460 publicae
840 3382 914 3459 plus.
957 3381 1014 3440 Sed
1035 3382 1074 3440 ad
