2392 3848
117 173 177 242 172
355 162 357 166 ’
385 173 424 222 M.
450 174 569 223 rurtrr
590 169 802 224 crosnoms·
898 158 900 166 '
928 136 1045 246 [ramur
1099 206 1101 251 Ι

116 327 170 385 civi
184 328 278 403 magis
293 331 427 388 convenit
442 348 530 406 quam
545 328 648 389 abesse
662 349 680 389 a
693 331 823 390 civilibus
838 331 1043 390 controversiis?

116 426 196 501 quod
214 444 274 483 non
293 427 364 485 nulli
384 447 451 485 curn
471 430 635 504 probarent,
650 429 768 505 periculi
789 448 879 488 causa
897 431 980 507 sequi
997 447 1046 487 non

116 531 287 598 potuerunt:
309 533 341 581 tu
355 525 505 600 explorato
521 536 549 584 et
563 527 636 586 vitae
651 544 735 585 meae
754 529 921 586 testimonio
942 538 970 586 et
988 527 1047 584 ami·

118 620 199 679 citiae
213 621 320 679 iudicio
335 640 430 697 neque
444 625 531 681 tutius
550 641 644 699 neque
666 623 816 683 honestius
835 625 963 700 reperies
982 624 1049 701 quic·

118 735 206 793 quarn
221 736 308 793 quam
323 719 360 775 ab
375 721 456 776 omni
471 721 657 780 contentione
671 723 782 782 abesse.
824 741 871 782 xv.
888 722 957 782 Kal.
967 722 1051 783 Maias

118 834 155 878 ex
174 816 290 876 itinere!

346 973 392 1027 74.
436 966 493 1026 AD
514 967 709 1028 ATTICUM
729 965 767 1028 X.
792 969 838 1031 16.

219 1077 285 1139 Sere.
301 1097 333 1138 nr
354 1079 482 1138 Curiano
503 1098 576 1138 mm.
594 1079 664 1140 Inus
678 1081 777 1141 Murus
797 1101 881 1143 nuc.
898 1096 968 1158 705.

442 1203 544 1245 cronno
557 1204 664 1246 arrico
683 1205 744 1246 sna.

165 1317 190 1356 1.
212 1297 386 1358 Corrrronuu
405 1299 442 1357 ad
457 1309 484 1357 te
500 1299 637 1358 dederam
651 1300 757 1359 litteras
772 1301 808 1360 de
823 1301 954 1377 pluribus
968 1303 1058 1374 rebus,

121 1414 188 1453 cum
203 1396 240 1454 ad
255 1415 302 1453 me
321 1398 396 1453 bene
415 1415 502 1454 mane
521 1395 680 1472 Dionysius
696 1393 784 1479 [fuit],
800 1400 846 1457 cui
867 1400 989 1475 quidem
1008 1417 1059 1476 ego

121 1512 182 1551 non
200 1493 291 1551 modo
310 1494 482 1568 placabilem
500 1513 547 1552 me
567 1496 775 1571 praebuissem,
792 1497 845 1554 sed
866 1506 961 1555 totum
982 1497 1061 1555 remi

121 1592 233 1662 sissem,
246 1592 270 1648 si
285 1592 455 1660 advenisset,
465 1610 523 1666 qua
537 1602 634 1650 mente
649 1603 679 1650 tu
694 1593 731 1651 ad
745 1611 793 1651 me
812 1594 971 1669 scripseras
979 1614 988 1666 ;
1006 1604 1062 1653 erat

122 1690 201 1747 enim
230 1690 270 1746 sic
298 1690 328 1745 in
356 1688 412 1745 tuis
439 1689 545 1758 litteris,
566 1707 640 1765 quas
664 1688 768 1765 Arpini
796 1708 977 1765 acceperam,
999 1710 1062 1749 eum

123 1801 274 1847 venturum
298 1787 496 1863 facturumque
521 1788 602 1863 quod
626 1805 682 1863 ego
708 1788 829 1846 vellem:
853 1807 910 1864 ego
932 1790 1063 1848 volebam

124 1896 220 1943 autem
244 1885 288 1942 vel
313 1885 465 1960 cupiebam
490 1886 588 1959 potius
613 1903 677 1943 esse
702 1904 769 1943 eum
793 1886 963 1958 nobiscum;
987 1887 1063 1963 quod

124 1985 192 2058 quia
223 1983 317 2058 plane,
347 2001 413 2038 curn
441 1983 472 2038 in
500 1981 688 2038 Formianum
716 1983 849 2054 venisset,
878 1985 1064 2058 praeciderat,

124 2081 252 2155 asperius
268 2080 305 2137 ad
319 2090 347 2137 te
361 2080 397 2136 de
417 2097 452 2136 eo
473 2081 596 2137 scribere
616 2079 754 2138 solebam.
796 2078 835 2137 At
853 2079 900 2138 ille
920 2099 1065 2156 perpauca

124 2179 236 2236 locutus
251 2177 326 2236 hanc
342 2196 486 2235 summam
500 2178 599 2234 habuit
610 2177 757 2247 orationis,
766 2185 798 2234 ut
809 2177 862 2235 sibi
872 2179 1063 2252 ignoscerem,

125 2295 156 2335 se
170 2278 255 2333 rebus
270 2277 329 2334 suis
343 2276 514 2351 impeditum
527 2276 682 2333 nobiscum
696 2276 736 2333 ire
751 2293 812 2332 non
828 2293 925 2350 posse.
969 2276 1065 2335 Pauca

124 2375 269 2448 respondi,
284 2392 425 2449 magnum
446 2373 545 2448 accepi
565 2372 703 2443 dolorem,
719 2372 844 2431 intellexi
865 2372 1012 2432 fortunam
1030 2375 1064 2432 ab

127 2490 162 2530 eo
190 2482 319 2528 nostram
348 2472 515 2546 despectam
547 2488 619 2529 esse.
668 2470 749 2542 Quid
777 2471 910 2547 quaeris?
944 2471 1064 2530 fortasse

125 2570 291 2628 miraberis:
313 2569 343 2626 in
363 2569 497 2626 maximis
516 2567 621 2625 horum
639 2578 804 2643 temporum
825 2568 974 2627 doloribus
988 2569 1064 2628 hunc

126 2668 197 2728 mihi
211 2668 283 2725 scito
298 2685 370 2724 esse.
413 2665 510 2723 Velim
523 2676 555 2723 ut
573 2666 625 2723 tibi
644 2667 752 2724 amicus
772 2666 825 2723 sit:
848 2665 905 2723 hoc
927 2685 995 2725 cum
1016 2668 1065 2726 tibi

127 2779 206 2843 opto,
216 2776 286 2840 opto
301 2776 331 2822 ut
345 2766 446 2822 beatus
462 2764 518 2835 sis;
534 2764 586 2822 erit
600 2764 677 2820 enirn
688 2774 747 2821 tam
758 2763 814 2821 diu.
861 2783 886 2821 2.
903 2761 1065 2822 Consilium

127 2874 260 2924 nostrum
285 2879 370 2937 spero
394 2879 518 2920 vacuum
538 2861 666 2937 periculo
688 2861 767 2932 fore3
793 2878 861 2918 nam
883 2870 911 2918 et
932 2861 1065 2920 dissimu-

127 2962 248 3019 lavimus
267 2970 304 3031 et,
319 2970 350 3017 ut
368 2960 480 3034 opinor,
495 2959 631 3016 acerrime
646 2958 868 3015 adservabimus.
911 2957 1065 3034 Navigatio

127 3060 218 3118 modo
238 3060 282 3128 sit,
297 3057 412 3132 qualem
430 3068 508 3131 opt0,
525 3064 626 3125 cetera,
641 3073 715 3128 quae
731 3056 849 3130 quidem
866 3056 987 3115 consilio
1001 3077 1065 3133 pro-

128 3158 218 3214 videri
246 3165 389 3231 poterunt,
417 3155 599 3212 cavebuntur.
643 3153 700 3221 Tu,
730 3152 799 3209 dum
827 3153 976 3223 adsumus,
1005 3174 1065 3214 non

129 3254 219 3311 modo
233 3271 308 3327 quae
322 3253 419 3310 scieris
433 3251 599 3318 audierisve,
615 3248 667 3305 sed
686 3249 772 3305 etiarn
790 3265 865 3323 quae
885 3249 980 3308 futura
999 3270 1063 3326 pro·

128 3349 239 3409 videbis
254 3350 362 3407 scribas
376 3348 469 3407 velim.
513 3365 538 3408 a.
560 3345 644 3404 Cato.
658 3346 707 3402 oui
728 3344 851 3404 Siciliam
872 3355 970 3406 tenere
987 3348 1064 3433 nullo
