2498 3840
149 170 210 239 232
426 167 465 219 M.
490 165 607 215 rurnrr
629 164 821 216 crcrrnorvrs
980 150 1048 236 [rm
1061 166 1096 214 v.

147 322 348 392 commissum,
370 322 450 398 quod
475 332 551 381 esset
572 321 698 380 alienum
722 331 823 381 nostra
846 319 981 392 amicitia,
1002 320 1097 380 credi·

150 420 243 478 disse:
265 438 334 477 nam
349 429 463 496 praeter
477 420 557 492 haec,
567 438 641 496 quae
656 419 890 489 commemoravi,
901 437 977 495 quae
991 427 1099 479 testata

148 526 215 574 sunt
237 526 266 575 et
288 517 414 588 illustria,
428 517 523 576 habeo
545 518 637 575 multa
660 517 826 588 occultiora,
841 535 917 593 quae
930 517 979 575 vix
999 517 1098 576 verbis

148 615 269 690 exsequi
282 633 413 691 possum.
458 613 566 674 Omnia
586 633 634 673 me
656 624 706 673 tua
727 614 878 686 delectant,
892 614 946 673 sed
965 615 1098 673 maxime

150 708 305 794 [maxima]
324 731 391 771 cum
409 711 481 770 fides
501 714 531 770 in
549 712 682 783 amicitia,
697 712 860 784 consilium,
875 712 1008 788 gravitas,
1023 730 1098 771 con·

149 811 263 889 stantia,
278 819 339 868 tum
353 809 444 885 lepos,
460 809 632 880 humanitas
643 809 761 868 litterae.
803 808 991 886 Quapropter
1004 809 1097 869 redeo

148 924 227 965 nunc
248 908 286 967 ad
303 909 459 984 querelam.
503 921 529 982 7.
552 907 618 983 Ego
640 915 668 965 te
690 906 858 982 suffragium
877 907 976 965 tulisse
997 907 1029 964 in
1047 906 1098 967 illa

146 1004 211 1081 lege
233 1005 358 1080 primum
385 1023 447 1063 non
467 1004 595 1077 credidi;
616 1003 730 1073 deinde,
749 1004 774 1061 si
794 1003 992 1075 credidissem,
1010 1022 1096 1062 nurn-

147 1121 237 1179 quam
257 1103 287 1160 id
308 1103 370 1160 sine
392 1101 488 1178 aliqua
508 1101 584 1159 iusta
606 1118 693 1159 causa
714 1099 908 1158 existimarem
929 1110 958 1158 te
981 1099 1096 1161 secisse.

146 1199 282 1276 Dignitas
310 1209 360 1257 tua
388 1199 463 1269 lacit,
488 1209 519 1256 ut
547 1197 796 1268 animadvertatur,
819 1197 959 1274 quicquid
985 1197 1095 1272 faciam

147 1297 348 1356 malevolentia
368 1306 466 1354 autem
480 1295 640 1366 hominurn,
655 1304 688 1353 ut
706 1312 767 1353 non
786 1294 864 1352 nulla
881 1295 987 1366 durius,
1003 1312 1094 1371 quam

149 1413 167 1451 a
191 1404 219 1452 te
242 1394 318 1452 facta
342 1394 407 1463 sint,
431 1393 628 1469 proferantur:
660 1410 695 1451 ea
716 1402 748 1451 tu
772 1393 797 1451 si
821 1409 882 1450 non
906 1392 998 1463 audis,
1021 1391 1095 1469 quid

149 1492 245 1550 dicam
267 1492 384 1563 nesci0;
406 1490 550 1567 equidem,
571 1490 594 1548 si
615 1489 733 1566 quando
755 1488 851 1561 audi0,
872 1498 932 1548 tam
954 1489 1107 1561 defendo,¹

148 1608 236 1664 quarn
255 1607 303 1647 me
325 1589 385 1646 scio
406 1598 470 1646 ate
492 1598 592 1646 contra
611 1588 728 1664 iniquos
745 1604 829 1646 meos
850 1587 943 1646 solere
964 1587 1092 1647 delendi.

147 1686 288 1745 Defensio
302 1697 398 1744 autem
413 1695 456 1744 est
470 1684 594 1760 duplex:
616 1685 672 1743 alia
686 1694 762 1755 sunt,
772 1702 848 1760 quae
857 1684 968 1760 liquido
982 1703 1104 1761 negare-

147 1784 266 1855 soleam,
281 1794 313 1841 ut
330 1783 367 1840 de
384 1783 439 1841 isto
458 1782 523 1858 ipso
545 1781 701 1857 suffragio;
722 1782 787 1852 alia,
802 1800 876 1857 quae
898 1781 1056 1840 defendam
1073 1800 1094 1841 a

146 1891 175 1940 te
190 1884 237 1959 pie
252 1882 313 1939 fieri
332 1889 361 1938 et
374 1880 510 1949 humane,
525 1888 557 1937 ut
571 1879 607 1937 de
627 1880 775 1938 curatione
793 1879 936 1937 ludomm.
980 1881 1009 1937 8.
1032 1879 1093 1938 Sed

147 1993 184 2051 te,
214 1981 364 2038 hominem
392 1979 600 2048 doctissimum,
632 1996 693 2036 non
727 1977 809 2054 fugit,
838 1978 862 2037 si
897 1976 1008 2037 Caesar
1040 1998 1093 2039 rex

148 2077 354 2153 suerit-quod
373 2076 444 2134 mihi
459 2076 578 2151 quidem
592 2074 753 2146 videtur-,
767 2076 797 2133 in
813 2085 965 2152 utramque
979 2087 1094 2153 partem

149 2178 185 2234 de
200 2188 251 2234 tuo
273 2175 369 2234 officio
389 2173 527 2249 disputari
541 2190 639 2248 posse,
653 2173 698 2231 vel
712 2173 741 2230 in
763 2190 838 2243 eam,
852 2191 910 2249 qua
930 2191 987 2248 ego
1008 2174 1094 2234 soleo

149 2274 198 2343 uti,
224 2272 401 2330 laudandam
430 2288 493 2329 esse
520 2270 609 2327 fidem
638 2279 667 2328 et
691 2269 901 2328 humanitatem
928 2279 1018 2343 tuam,
1043 2273 1095 2347 qui

151 2371 280 2429 amicum
295 2370 381 2427 etiam
396 2379 543 2427 mortuum
558 2367 669 2444 diligas,
684 2368 728 2425 vel
743 2369 773 2425 in
788 2387 861 2439 eam,
876 2387 934 2445 qua
946 2386 1009 2427 non
1023 2370 1096 2430 nulli

149 2479 275 2540 utuntur,
289 2469 451 2526 libertatem
466 2466 575 2543 patriae
585 2468 659 2525 vitae
673 2466 759 2524 amici
773 2467 1019 2542 anteponendam.
1047 2467 1096 2529 Ex

149 2565 195 2624 his
215 2566 397 2623 sermonibus
414 2565 525 2621 utinam
544 2572 641 2621 essent
660 2562 770 2621 delatae
789 2562 827 2622 ad
840 2573 869 2623 te
883 2563 1097 2640 disputationes

149 2666 250 2722 meael
293 2662 346 2720 Illa
361 2679 429 2720 vero
443 2662 511 2732 duo,
526 2678 600 2736 quae
615 2661 743 2718 maxima
757 2670 824 2719 sunt
837 2660 957 2719 laudum
969 2673 1097 2733 tuamm,

151 2763 215 2837 quis
230 2770 278 2818 aut
293 2759 426 2818 libentius
442 2776 529 2835 quam
549 2775 606 2833 ego
624 2767 834 2816 commemorat
848 2768 897 2817 aut
910 2759 1045 2836 saepius?
1066 2770 1097 2820 te

150 2869 179 2917 et
190 2876 251 2917 non
266 2857 442 2933 suscipiendi
453 2856 519 2912 belli
531 2855 619 2914 civilis
630 2855 830 2930 gravissimum
844 2865 991 2915 auctorem
1005 2856 1098 2917 fuisse

150 2965 179 3013 et
189 2955 388 3014 moderandae
398 2954 543 3022 victoriae,
553 2953 584 3009 in
595 2970 663 3027 quo,
675 2954 724 3029 qui
735 2952 805 3010 mihi
819 2970 880 3011 non
895 2953 1097 3028 adsentiretur,

150 3055 247 3112 inveni
261 3053 416 3111 neminem.
447 3050 515 3122 Qua
524 3069 555 3108 re
565 3048 661 3109 habeo
672 3050 794 3126 gratiam
804 3050 953 3123 Trebatia
964 3051 1099 3112 familiari

152 3161 262 3221 nostr0,
274 3151 323 3226 qui
333 3148 404 3206 mihi
416 3148 495 3206 dedit
506 3166 623 3207 causam
634 3147 736 3206 harum
747 3148 912 3219 litterarum,
923 3150 1030 3226 quibus
1041 3151 1099 3210 nisi

152 3245 560 3317 credideris,meomnisofficii
570 3255 598 3303 et
606 3244 1098 3323 humanitatisexpertemiudicaris;

152 3361 211 3421 quo
224 3361 278 3403 nec
289 3343 359 3401 mihi
369 3343 484 3420 gravius
493 3343 648 3420 quicquam
660 3352 757 3420 potest
766 3361 830 3403 esse
841 3362 896 3404 nec
907 3352 936 3404 te
946 3343 1078 3406 alienius.
